2086 3542
195 235 279 271 206
557 224 1005 269 PHILOSOPHIAE
1035 226 1394 272 NATURALIS
1511 228 1660 282 [Mor.
1683 230 1884 276 Convon.

182 343 311 392 fieret,
342 342 537 383 reducere
567 341 719 391 liceret,
750 341 1005 395 problemata
1027 341 1167 382 omnia
1186 342 1316 384 solida
1344 343 1398 384 ad
1430 343 1566 398 plana,
1598 353 1639 386 et
1668 345 1884 402 plusquam

183 413 325 464 solida,
347 412 400 454 ad
420 412 560 453 solida.
609 410 661 468 (ὴ)
693 411 864 467 Loquor
882 411 950 452 hic
968 411 1019 453 de
1035 412 1168 472 curvis
1181 420 1382 467 potestate
1399 414 1739 457 irreducibilibus.
1773 416 1881 458 Nam

184 485 218 524 si
237 484 425 540 aequatio,
455 497 532 538 per
551 497 674 538 quam
712 497 835 523 curva
863 482 1072 533 definitur,
1103 482 1157 524 ad
1189 483 1425 525 inferiorem
1462 493 1704 539 potestatem
1742 485 1885 527 reduci

183 555 331 608 possit:
363 568 488 595 curva
501 543 585 594 non
606 553 683 594 erit
700 553 834 602 unica,
867 552 939 593 sed
968 552 1200 594 exduabus
1219 553 1285 594 vel
1318 554 1503 608 pluribus
1523 557 1761 610 composita,
1784 571 1886 613 qua-

184 639 276 665 rum
305 623 609 665 intersectiones
629 637 704 678 per
738 622 914 664 calculos
947 622 1129 664 diversos
1169 623 1339 664 seorsim
1367 624 1541 666 inveniri
1570 635 1754 680 possunt.
1815 626 1884 668 Ad

184 695 362 736 eundem
399 694 569 735 modum
607 692 911 734 intersectiones
950 692 1060 739 binae
1089 700 1290 733 rectarum
1321 701 1362 734 et
1395 695 1622 752 sectionum
1648 697 1884 738 conicarum

181 765 389 820 prodeunt
409 779 570 819 semper
588 779 664 818 per
687 763 938 819 aequationes
973 762 1146 803 duarum
1182 763 1497 815 dimensionum,
1527 773 1659 807 ternae
1678 775 1881 809 rectarum

182 843 223 877 et
242 849 458 876 curvarum
476 834 797 875 irreducibilium
817 833 948 875 tertiae
967 833 1177 888 potestatis
1197 848 1274 888 per
1292 835 1542 889 aequationes
1562 836 1699 888 trium,
1721 846 1885 894 quater-

181 921 248 947 nae
268 914 471 947 rectarum
491 912 532 946 et
552 919 768 946 curvarum
797 904 1119 946 i'rreducibilium
1138 912 1296 959 quartae
1309 905 1521 959 potestatis
1539 920 1615 960 per
1634 908 1885 963 aequationes

182 976 485 1018 dimensionum
504 983 691 1031 quatuor,
723 983 763 1017 et
784 975 840 1015 sic
871 976 912 1015 in
933 974 1150 1015 infinitum.
1212 974 1326 1031 Ergo
1347 983 1470 1016 rectae
1500 984 1541 1017 et
1568 976 1726 1031 spiralis
1759 967 1900 1019 inter-i

181 1056 379 1089 sectlones
399 1060 571 1087 numero
590 1045 774 1096 infinitae,
807 1060 901 1086 cum
919 1059 1042 1086 curva
1062 1043 1152 1085 haec
1173 1045 1225 1085 sit
1239 1046 1413 1100 simplex
1446 1054 1487 1087 et
1514 1046 1558 1087 in
1588 1061 1728 1089 curvas
1748 1048 1902 1103 plures„

180 1116 463 1166 irreducibilis,
495 1115 709 1170 requirunt
722 1115 972 1170 aequationes
999 1129 1172 1156 numero
1192 1115 1494 1157 dimensionum
1515 1125 1556 1158 et
1589 1117 1773 1159 radicum
1791 1109 1904 1159 infi-'

181 1187 301 1237 nitas,
333 1180 481 1242 quibus
519 1185 827 1226 intersectiones
866 1200 1008 1226 omnes
1046 1193 1220 1240 possunt
1254 1186 1375 1227 simul
1402 1186 1600 1228 exhiberi.
1661 1187 1738 1230 Est
1776 1172 1903 1230 enimv

183 1257 326 1299 eadem
345 1256 526 1298 omnium
547 1255 617 1297 lex
636 1263 678 1296 et
696 1254 806 1296 idem
826 1256 1017 1297 calculus.
1078 1256 1121 1311 (¹)
1153 1255 1263 1298 Nam
1297 1257 1332 1297 si
1365 1271 1390 1298 a
1407 1257 1505 1311 polo
1524 1257 1568 1298 in
1601 1266 1754 1300 rectam
1772 1259 1885 1300 illam

187 1370 293 1409 Quare
313 1371 339 1402 si
362 1370 540 1412 hujusmodi
554 1369 782 1400 intersectiones
797 1370 845 1399 vel
860 1369 1007 1399 ordinatae
1053 1369 1102 1400 Ex
1126 1369 1247 1408 punctis
1280 1370 1311 1406 S,
1335 1379 1358 1406 s,
1382 1369 1422 1400 ad
1442 1375 1555 1400 rectam
1579 1370 1607 1401 P
1620 1371 1659 1401 M
1679 1371 1831 1403 infinitam
1854 1379 1885 1404 et

184 1424 363 1444 communes
377 1412 558 1454 generaliter
586 1418 709 1451 possent
737 1422 791 1450 per
805 1412 1007 1451 aequationem
1051 1411 1200 1450 positione
1229 1411 1332 1442 datam
1350 1411 1552 1442 demittantur
1574 1413 1790 1452 perpendicula
1807 1415 1828 1445 S
1846 1415 1881 1451 F,

182 1456 391 1497 quadraticam
406 1455 543 1491 inveniri,
565 1454 754 1493 problemata
779 1454 876 1484 solida
897 1464 950 1493 per
970 1465 1010 1483 ae-
1054 1453 1097 1483 sf
1107 1466 1117 1491 ;
1141 1460 1285 1484 manente
1305 1454 1434 1484 secantis
1459 1455 1480 1484 S
1497 1455 1524 1490 1,
1544 1455 1560 1484 1
1573 1455 1601 1489 1,
1630 1456 1786 1494 positione,
1810 1467 1884 1487 con-

183 1499 342 1539 quationes
356 1497 487 1527 duarum
503 1496 727 1527 dimensionum
738 1496 813 1526 solvi
827 1507 862 1527 ac
877 1496 1012 1526 construi
1054 1502 1168 1526 stantes
1191 1502 1264 1526 sunt
1286 1502 1376 1526 rectae
1395 1496 1416 1526 S
1434 1496 1467 1530 F,
1495 1497 1521 1526 F
1537 1497 1572 1532 P,
1592 1497 1613 1527 S
1631 1497 1666 1532 P,
1697 1498 1809 1537 quibus
1830 1499 1884 1530 ina

183 1545 316 1580 possent,
339 1546 430 1579 atque
444 1540 487 1569 its
499 1539 537 1568 ad
549 1539 639 1578 plana
647 1538 870 1574 reducerentur,
888 1538 1010 1568 efidem-
1052 1538 1163 1577 positio
1178 1538 1407 1574 determinatur,
1431 1545 1462 1568 et
1483 1538 1614 1569 demissi
1638 1549 1676 1569 ex
1704 1540 1721 1570 1
1736 1540 1776 1571 ad
1799 1541 1828 1572 P
1843 1542 1883 1573 M

182 1593 243 1624 que
257 1583 372 1613 ratione
387 1581 456 1620 plus
470 1591 563 1621 quam
578 1581 674 1611 solida
687 1580 726 1611 ad
747 1580 853 1618 solida,
877 1580 1010 1621 indeque
1052 1591 1297 1631 perpendiculari
1322 1592 1340 1622 1
1352 1596 1395 1622 m
1409 1593 1499 1622 datur
1520 1592 1653 1631 aequatio
1675 1592 1779 1633 aliqua
1803 1594 1883 1625 inter

183 1625 561 1712 ad(¹,’‚¹)²¹¹{1f‚⁰nv1{'gsss;{fffx¹ff
1047 1651 1077 1681 P
1090 1653 1132 1678 m
1147 1649 1195 1679 vel
1213 1648 1279 1678 lm
1295 1657 1325 1682 et
1339 1651 1424 1682 datas
1440 1651 1461 1681 s
1475 1650 1512 1687 P,
1527 1649 1554 1680 F
1568 1650 1606 1687 P,
1623 1651 1644 1682 s
1661 1651 1696 1687 F,
1713 1652 1775 1693 qua
1789 1653 1882 1683 inter.

182 1713 335 1752 proposita
348 1711 396 1747 fad
418 1722 543 1742 curvam

183 1755 314 1795 aequatio
346 1754 386 1784 ad
419 1753 543 1783 inferio-

182 1807 248 1828 rem
275 1801 455 1836 potestatem
490 1801 545 1826 aut

183 1839 217 1869 in
273 1839 349 1869 duas
399 1838 542 1877 aequatio-

184 1891 238 1911 nes
287 1880 438 1910 inferioris
487 1890 543 1918 po-

184 1923 299 1954 testatis
312 1922 420 1953 resolvi
431 1927 538 1961 potest.

186 1965 237 1996 Sic
252 1965 383 2005 aequatio
412 1975 430 1994 a
441 1974 460 1993 x
475 1966 489 1986 ³
500 1982 543 1988 -

183 2018 202 2038 a
216 2010 231 2027 ²
246 2017 266 2037 x
281 2009 296 2026 ²
307 2024 350 2032 —-
360 2008 379 2037 b
391 2017 411 2036 x
425 2008 440 2025 ²
461 2017 482 2045 y
501 2007 543 2048 4-

184 2061 202 2080 a
216 2059 236 2079 x
251 2060 270 2089 y
285 2051 300 2068 ²
310 2050 352 2091 -1-
366 2059 385 2079 a
399 2051 419 2079 b
433 2059 452 2078 x
467 2059 486 2088 y
501 2066 544 2073 —

183 2094 263 2132 by³
279 2107 318 2115 —
338 2090 543 2130 oresolvipo-
582 2126 593 2134 [A

183 2140 242 2165 test
266 2134 300 2164 in
314 2133 391 2163 duas
412 2143 432 2162 x
460 2143 479 2163 x
501 2151 544 2157 —

183 2187 202 2206 a
230 2186 250 2206 x
260 2177 302 2220 -1-
316 2187 336 2215 y
351 2187 370 2216 y
381 2189 426 2204 =
462 2186 490 2212 o,
514 2181 545 2205 et

184 2228 231 2249 ax
253 2236 290 2246 -
306 2220 326 2248 b
341 2229 360 2258 y
374 2231 420 2247 =
435 2228 454 2247 ο
468 2229 543 2258 qua-

183 2270 252 2291 rum
267 2261 349 2300 prior
364 2266 408 2290 est
433 2260 472 2290 ad
487 2260 543 2291 cir-

182 2303 297 2338 culum,
334 2302 480 2341 posterior
506 2303 545 2333 ad

185 2345 368 2385 parabolam.
386 2345 544 2375 Parabolae
578 2342 588 2355 '“

185 2394 289 2418 autem
301 2393 331 2418 et
350 2387 455 2418 circuli
470 2397 543 2417 cum

181 2430 262 2459 lineri
302 2429 407 2470 quevis
449 2429 542 2460 inter-

182 2471 330 2502 sectiones
346 2482 400 2511 per
409 2472 543 2502 calculos

182 2513 313 2544 diversos
342 2514 466 2544 seorsim
495 2514 542 2543 in·
564 2536 575 2545 ,

181 2556 275 2586 veniri
291 2563 428 2595 possunt.

224 2598 262 2639 (i)
288 2600 305 2618 ὕ
332 2598 377 2628 Sit
401 2598 491 2647 polus
508 2598 545 2635 P,
568 2608 672 2646 secans
690 2599 711 2629 S
722 2600 760 2648 ·1,
790 2602 806 2631 1
825 2603 854 2639 1,
875 2605 916 2634 nd
941 2614 1009 2634 eam
1052 2605 1144 2635 sectio
1155 2606 1172 2636 I
1182 2606 1356 2644 exhibetur3
1374 2606 1507 2638 ubivero
1517 2617 1621 2638 secans
1633 2606 1714 2646 SI,1
1727 2609 1866 2648 Lperve.

182 2650 218 2669 ex
234 2640 304 2689 polo
319 2641 465 2670 normalis
482 2641 515 2689 P·
524 2651 548 2677 s,
579 2646 751 2672 lntersecno
765 2643 863 2682 prima
877 2645 909 2675 in
916 2646 942 2681 I,
963 2657 1009 2676 se-
1051 2647 1097 2677 nit
1107 2647 1146 2677 ad
1156 2648 1249 2678 situm
1258 2649 1294 2678 si
1305 2653 1333 2684 2,
1345 2655 1487 2679 manente
1499 2650 1647 2680 secantiss
1656 2652 1667 2680 i
1677 2655 1697 2680 2
1705 2650 1865 2690 positione,

181 2682 280 2730 eunde
294 2693 325 2712 m
343 2683 359 2712 Ι
375 2683 402 2719 Ι,
420 2684 475 2722 δρα.
489 2681 568 2713 cuca
581 2682 688 2721 polum
705 2684 741 2721 P,
753 2686 924 2718 revolvatur
937 2698 1005 2727 per·
1047 2689 1138 2719 datur
1145 2690 1362 2730 aequatiointer
1372 2690 1382 2719 i
1394 2700 1425 2720 m
1434 2690 1481 2721 vel
1494 2691 1560 2722 Pm
1570 2691 1689 2724 etdatas
1700 2703 1715 2722 s
1728 2693 1765 2730 P,
1775 2703 1830 2723 seu

181 2724 378 2772 pendnculum
396 2725 423 2755 P
437 2724 469 2763 S,
486 2724 548 2774 unzi
562 2734 634 2773 cum
663 2733 783 2758 secante
811 2729 832 2758 S
849 2728 876 2766 1,
905 2729 921 2760 Ι
934 2730 950 2760 Ῑ
966 2730 1005 2760 ad
1044 2733 1104 2767 SP,
1118 2730 1166 2772 Pf,
1182 2733 1260 2768 sfiet
1271 2732 1402 2772 aquatio
1413 2733 1605 2772 haecapriori
1613 2734 1730 2765 diversa
1739 2745 1800 2765 non
1809 2740 1865 2773 est,

181 2765 258 2814 illud
273 2776 390 2814 semper
404 2767 542 2802 normah,
559 2768 612 2797 ubl
634 2769 885 2807 perpendiculum
900 2782 1004 2811 pesve·
1047 2773 1106 2803 nisi
1125 2776 1241 2804 ratione
1251 2774 1456 2814 quantitatum
1470 2775 1496 2806 F
1513 2776 1541 2806 P
1565 2777 1591 2806 F
1602 2777 1632 2812 S,
1651 2788 1720 2818 qum
1737 2783 1883 2808 mutatoet

182 2814 227 2855 nit
248 2808 286 2837 ad
301 2815 392 2855 situm
411 2810 474 2858 ¹'.⁵·
497 2816 528 2840 et
552 2818 657 2839 secans
674 2810 695 2840 S
713 2811 740 2848 Ι,
773 2811 789 2842 Ι
808 2812 824 2842 1
847 2813 886 2843 ad
907 2813 1013 2844 situm'
1043 2822 1115 2845 sunt
1125 2815 1183 2845 inf
1192 2816 1227 2851 P,
1241 2816 1259 2845 f
1269 2827 1293 2853 s,
1305 2826 1359 2856 per
1369 2827 1445 2856 quas
1458 2818 1587 2849 secantis
1601 2819 1635 2848 si
1649 2823 1678 2856 2,
1691 2819 1802 2858 positio
1811 2819 1866 2850 de-

182 2859 196 2878 s
210 2859 221 2878 1
247 2853 276 2884 2,
295 2857 468 2898 interseptio
489 2852 587 2890 prima
617 2852 643 2886 Ι,
674 2863 816 2891 percurso
835 2865 906 2885 arcu
939 2856 955 2886 Ι
978 2856 999 2893 i,
1043 2857 1232 2897 terminatur,
1248 2868 1320 2888 cum
1331 2864 1460 2898 utraque
1474 2860 1604 2900 aequatio
1619 2861 1650 2892 in
1662 2862 1723 2892 situ
1740 2859 1819 2898 SI‚1
1835 2861 1863 2898 1,

183 2897 325 2939 pervenit
340 2892 378 2921 ad
407 2902 426 2928 1,
457 2899 488 2941 et
512 2900 579 2932 post
600 2894 754 2942 integram
783 2896 1002 2928 revolutionem
1045 2905 1075 2929 et
1095 2899 1155 2929 situ
1170 2910 1185 2929 s
1204 2900 1256 2935 i2,
1279 2901 1318 2931 ab
1332 2901 1502 2941 aequatione
1516 2902 1706 2942 adspiralem
1721 2914 1792 2944 quae
1813 2913 1865 2933 ea·

182 2942 254 2981 cum
279 2943 293 2961 s
317 2943 330 2980 ¹.
357 2937 385 2968 2,
423 2935 500 2983 redit
516 2936 556 2965 ad
583 2943 676 2966 sxtum
705 2939 726 2968 S
760 2939 788 2975 1,
817 2939 834 2969 1
851 2939 879 2976 Ι,
906 2940 1004 2979 prima
1045 2941 1117 2971 dem
1130 2951 1249 2981 semper
1262 2947 1366 2973 manet
1379 2949 1410 2973 et
1424 2945 1462 2974 ab
1477 2945 1646 2984 aequatione
1660 2945 1789 2976 secantis
1808 2954 1871 2984 pos

183 2980 353 3004 intersecuo
367 2975 393 3010 Ι,
410 2986 462 3005 seu
478 2987 497 3010 1,
506 2979 697 3024 'pervenitad
711 2980 759 3017 11,
769 2987 800 3011 et
813 2981 849 3012 fit
860 2982 1002 3019 secunda,
1045 2983 1187 3014 sitionem
1206 2984 1426 3015 determinante
1451 2986 1643 3017 diducantur.
1707 2987 1864 3024 Quoniam

183 3022 213 3047 et
226 3022 292 3056 post
303 3015 378 3046 duas
387 3018 588 3049 revolutiones
599 3020 632 3050 fit
646 3023 733 3066 tertie
747 3029 777 3054 et
792 3023 835 3054 sic
849 3023 998 3064 deinceps.
1045 3025 1139 3067 igitur
1159 3025 1249 3057 lineae
1262 3026 1280 3056 f
1296 3037 1320 3064 s,
1336 3027 1353 3057 f
1364 3027 1392 3058 P
1412 3035 1481 3068 post
1494 3029 1625 3068 primam
1646 3029 1865 3061 revolutionem
1879 3042 1885 3051 ‚.

2083 2360 2086 2372 t.
2076 2197 2086 2345 -„-—.-·;—‘;
2084 2171 2086 2176 .
2083 2154 2086 2158 .
