2086 3542
143 2670 169 2680 a
251 2690 419 2747 aequalis
494 2713 628 2764 *PE
731 2684 1501 2740 3etDEq><FfaequaleDdin
1639 2712 1735 2754 PE
1861 2695 1955 2740 ‚et

248 219 330 259 372
648 209 1098 256 PHILOSOPHIAE
1131 206 1490 251 NATURALIS
1577 203 1723 257 [Morr.
1747 203 1944 246 comm.

521 397 896 441 PROPOSITIO
928 394 1123 438 LXXX.
1184 390 1545 435 THEOREMA
1576 390 1675 432 XL.

245 499 291 541 Si
308 500 365 540 ad
382 499 547 553 sphcerae
562 497 727 553 alzczy'us
747 498 788 540 A
810 498 847 540 B
869 498 921 548 E,
942 502 1072 538 centro
1089 496 1119 538 S
1134 495 1348 548 descriptae,
1361 492 1583 547 particulas
1597 490 1770 550 singulas
1783 473 1951 542 aequales

302 571 467 611 tendant
484 570 651 623 aequales
669 569 770 609 vires
787 568 1022 621 centripetae‚
1043 571 1081 607 et
1099 566 1156 606 ad
1172 565 1335 618 sphaerae
1352 576 1464 603 axem
1485 562 1525 603 A
1546 560 1598 610 B,
1631 561 1673 600 in
1702 573 1776 613 quo
1794 570 1950 611 corpus-

302 641 426 682 culum
460 640 622 694 aliquod
641 639 677 680 P
706 639 869 687 locatur,
902 639 1107 691 erigantur
1141 636 1188 675 de
1210 635 1370 687 punctis
1402 632 1564 687 singulis
1596 629 1641 672 D
1667 627 1951 683 perpendicula

303 711 349 754 D
371 709 424 761 E,
454 711 617 764 sphaerae
635 709 878 750 occurrentia
897 708 941 747 in
962 707 1016 757 E,
1047 712 1086 772 et
1114 707 1158 746 in
1187 705 1283 758 ipsis
1310 703 1522 757 capiantur
1548 701 1808 755 longitudines
1825 699 1871 741 D
1892 697 1951 749 N,'

302 836 388 878 qm:
405 823 486 878 sint
504 828 547 863 ut
566 821 768 876 quantitas
789 776 1104 887 ΙΕὲῙξ-Ξὲ
1127 824 1164 860 et
1183 819 1254 869 vis,
1276 831 1393 872 quam
1409 816 1575 870 sphaerae
1587 814 1791 869 particula
1810 813 1888 855 sita
1907 813 1957 855 inl

297 932 373 959 axe
390 919 447 959 ad
464 913 695 958 distantiam
716 916 752 958 P
773 916 812 957 E
831 921 979 956 exercet
1006 916 1050 956 in
1078 915 1337 968 corpusculum
1367 913 1416 964 P,
1448 911 1676 967 conjunctim
1692 928 1706 950 .-
1735 910 1822 950 dico
1851 910 1955 963 quod

301 989 359 1030 vis
378 994 474 1038 tota,
495 986 573 1041 qud
592 988 852 1040 corpusculum
873 986 909 1027 P
928 987 1102 1029 trahitur
1126 1000 1253 1029 vermes
1281 986 1488 1040 sphaeram,
1518 989 1574 1025 est
1601 988 1645 1023 ut
1672 995 1768 1023 area
1786 979 1829 1023 A
1850 979 1892 1021 N
1913 979 1952 1022 B

300 1059 568 1112 comprehensa
587 1059 655 1100 sub
673 1073 749 1099 axe
775 1058 940 1112 sphaerae
959 1059 1000 1099 A
1022 1057 1073 1108 B,
1104 1063 1141 1098 et
1160 1055 1266 1115 lined
1286 1054 1403 1098 curvd
1425 1055 1462 1097 A
1487 1054 1528 1096 N
1549 1053 1601 1105 B,
1632 1066 1746 1107 quam
1766 1056 1952 1106 punctum

303 1130 348 1171 N
358 1135 550 1184 perpetuo
568 1130 711 1184 tangit.

305 1228 472 1270 Etenim
493 1228 694 1270 stantibus
715 1242 807 1284 quae
828 1228 871 1268 in
891 1228 1108 1271 Lemmate
1129 1236 1170 1270 et
1189 1228 1466 1270 Theoremate
1485 1225 1705 1268 novissimo
1720 1227 1954 1264 constructa

249 1307 357 1352 sunt,
378 1299 553 1357 concipe
571 1312 695 1342 axem
715 1297 890 1358 sphaerae
911 1299 952 1341 A
975 1299 1013 1340 B
1032 1298 1160 1347 dividi
1188 1299 1230 1339 in
1259 1298 1481 1353 particulas
1509 1297 1746 1338 innumeras
1775 1290 1954 1348 aequales

247 2294 291 2336 D
326 2294 355 2335 d
389 2300 431 2335 et
464 2290 666 2347 sphaeram
699 2297 828 2331 totam
858 2289 986 2330 dividi
1016 2289 1060 2329 in
1091 2289 1263 2330 totidem
1296 2289 1468 2331 laminas
1501 2290 1721 2346 sphaericas
1753 2306 1953 2335 concavo-

248 2378 455 2405 convexas
477 2363 515 2404 E
537 2362 573 2403 F
591 2360 615 2401 f
627 2376 664 2410 e,
695 2367 737 2401 et
763 2359 945 2416 erigatur
963 2359 1305 2414 perpendiculum
1325 2360 1354 2401 d
1373 2375 1415 2402 n.
1475 2361 1558 2403 Per
1578 2362 1813 2405 Theorema
1832 2378 1954 2419 supe-

249 2434 334 2475 rius
354 2434 427 2484 vis,
450 2430 529 2489 qua
548 2430 703 2472 lamina
722 2429 761 2471 E
784 2429 820 2471 F
838 2428 861 2469 f
873 2444 896 2470 e
916 2428 1042 2470 trahit
1062 2429 1352 2483 corpusculum
1374 2427 1424 2480 P,'
1446 2438 1508 2472 est
1527 2439 1573 2472 ut
1591 2432 1637 2474 D
1654 2433 1692 2474 E
1712 2448 1739 2489 q
1766 2442 1800 2476 Χ
1825 2434 1861 2475 F
1877 2433 1903 2474 f
1913 2442 1955 2475 et

249 2507 310 2548 vis
329 2504 542 2561 particulae
562 2503 684 2545 unius
704 2501 759 2543 ad
778 2501 1013 2542 distantiam
1035 2501 1072 2542 P
1094 2500 1132 2542 E
1151 2501 1217 2542 vel
1239 2502 1275 2542 P
1297 2502 1333 2542 F
1353 2503 1533 2544 exercita
1556 2504 1816 2560 conjunctim.
1877 2504 1957 2546 Est

251 2585 391 2621 autem
411 2582 504 2633 (per
526 2576 702 2619 Lemma
715 2573 999 2625 novissimum)
1021 2571 1066 2614 D
1087 2572 1116 2613 d
1135 2572 1189 2614 ad
1211 2573 1246 2614 F
1265 2573 1288 2613 f
1299 2581 1346 2614 ut
1366 2574 1402 2615 P
1424 2574 1462 2616 E
1482 2575 1535 2617 ad
1557 2576 1593 2617 P
1614 2577 1656 2626 S,
1688 2584 1730 2617 et
1757 2576 1854 2617 inde
1884 2576 1920 2618 F
1939 2575 1961 2618 f

444 2648 481 2689 P
503 2648 533 2689 S
560 2655 594 2688 Χ
621 2646 665 2687 D
687 2644 716 2685 d
1524 2647 1569 2688 D
1592 2646 1629 2687 E
1649 2661 1674 2700 q
1708 2654 1741 2688 Χ
1774 2646 1810 2687 Ρ
1833 2646 1863 2687 S

252 2822 473 2869 propterea
492 2813 552 2854 vis
571 2811 737 2853 laminae
758 2807 796 2852 E
819 2811 854 2852 F
873 2809 896 2850 f
908 2825 931 2851 e
951 2816 1013 2851 est
1032 2815 1078 2850 ut
1097 2808 1141 2851 D
1161 2809 1190 2850 d
1203 2809 1253 2876 *in
1273 2769 1318 2810 D
1340 2770 1378 2810 E
1388 2784 1425 2876 Β
1446 2778 1484 2876 ἒ
1511 2768 1547 2809 Ρ
1568 2769 1598 2809 S
1628 2819 1669 2852 et
1688 2826 1748 2853 v15
1776 2813 1954 2867 particu-

253 2909 306 2949 1ae
333 2910 386 2950 ad
415 2908 651 2953 distantiam
685 2907 721 2948 P
743 2906 779 2948 F
814 2906 992 2947 exercita
1019 2904 1287 2960 conjunctim,
1324 2905 1404 2946 hoc
1435 2913 1497 2947 est
1531 2910 1601 2961 (ex
1623 2908 1878 2964 Hypothesi)
1910 2917 1956 2952 ut
2072 2929 2086 2968 -(

256 2980 300 3023 D
322 2981 364 3022 N
389 2989 423 3023 Χ
448 2982 490 3022 D
511 2995 554 3030 o,
586 2994 659 3022 seu
678 2993 774 3021 area
793 2991 1036 3020 evanescens
1056 2976 1100 3019 D
1122 2976 1165 3018 N
1183 2990 1212 3017 n
1232 2976 1272 3017 d.
1335 2977 1440 3018 Sunt
1459 2977 1583 3034 igitur
1603 2978 1845 3021 laminarum
1866 2995 1951 3022 om·
2051 2967 2053 2971 ‚
