2086 3542
77 260 227 303 Lmnn
249 261 465 313 Primus]
542 258 862 303 PRINCIPIA
895 258 1386 302 MATHEMATICA.
1694 264 1776 302 349

58 379 286 434 proximis.
345 379 402 421 Et
419 377 565 420 eadem
596 386 660 419 est
693 378 799 419 ratio
830 378 945 435 globi
981 377 1136 419 annulo
1168 377 1326 428 nudati,
1363 378 1434 434 qni
1466 379 1512 419 in
1545 378 1781 435 regionibus

71 450 292 506 aequatoris
311 449 377 492 vel
396 449 518 490 altior
545 457 609 491 est
635 448 762 504 paulo
790 463 915 505 quam
928 450 1050 505 juxta
1077 448 1211 504 polos,
1242 449 1309 489 vel
1339 457 1499 490 constat
1525 463 1580 491 ex
1608 449 1780 491 materia

69 520 197 575 paulo
216 520 420 562 densiore.
481 520 529 575 (⁸)
562 519 738 575 Supplet
760 520 871 561 enim
889 520 1020 564 vicem
1039 518 1182 561 annuli
1200 519 1278 560 iste
1297 519 1480 560 materiae
1498 520 1543 560 in
1563 521 1782 575 aequatoris

70 591 309 647 regionibus
329 605 536 632 excessus.
596 590 654 632 Et
671 605 922 647 quanquam,
943 590 1063 632 aucta
1083 598 1292 645 utcunque
1319 589 1436 646 globi
1463 590 1586 645 hujus
1616 591 1658 631 vi
1686 604 1783 631 cen-

70 662 233 717 tripeta‚
255 661 426 703 tendere
447 671 734 717 supponantur
753 676 895 703 omnes
915 662 1002 718 ejus
1022 669 1160 716 partes
1180 660 1396 711 deorsum,
1422 660 1476 702 ad
1494 660 1665 702 modum
1688 675 1784 717 gra-

69 732 286 773 vitantium
307 733 488 787 partium
508 732 680 782 telluris,
702 741 841 774 tamen
860 732 1138 787 phaenomena
1155 731 1279 787 hujus
1298 739 1341 772 et
1358 730 1629 786 praecedentis
1649 731 1783 772 corol-

68 802 161 843 larii
182 803 228 858 (⁸)
251 803 323 843 vix
342 803 439 845 inde
458 803 754 853 mutabuntur3
785 803 865 844 nisi
884 803 997 859 quod
1025 803 1118 844 loca
1148 803 1422 844 maximarum
1451 811 1493 844 et
1520 803 1782 844 minimarum

70 876 334 918 altitudinum
358 891 477 932 aquae
497 877 661 918 diversa
679 883 812 918 erunt.

72 955 114 990 et
131 958 360 1004 permanet,
382 964 468 991 non
486 963 564 1004 per
582 949 665 990 vim
685 964 801 991 suam
821 948 1107 1005 centrifugam,
1142 948 1216 990 sed
1236 963 1312 1003 per
1331 948 1493 990 alveum
1512 948 1556 989 in
1576 962 1660 1004 quo
1677 947 1780 988 fluit.

71 1019 128 1061 Et
147 1027 349 1074 praeterea
368 1020 428 1062 vis
452 1020 489 1061 L
511 1019 563 1062 M
582 1019 709 1062 trahit
727 1034 877 1076 aquam
898 1019 1092 1061 deorsum
1112 1019 1293 1060 maxime
1312 1019 1356 1059 in
1371 1018 1645 1075 quadraturis,
1663 1026 1706 1059 et
1720 1018 1780 1058 vis

71 1091 114 1133 K
135 1092 173 1133 L
193 1107 265 1134 seu
286 1092 330 1134 N
351 1091 403 1134 M
421 1117 478 1125 —
500 1093 539 1134 L
561 1091 612 1133 M
631 1092 758 1134 trahit
787 1092 963 1134 eandem
995 1107 1158 1134 sursum
1189 1092 1369 1133 maxime
1399 1093 1444 1133 in
1475 1092 1663 1149 syzygiis·
1725 1090 1783 1132 Et

68 1161 138 1204 hae
157 1163 265 1205 vires
286 1164 518 1219 conjunctae
538 1162 733 1205 desinunt
751 1163 917 1206 trahere
936 1178 1087 1220 aquam
1106 1163 1299 1205 deorsum
1320 1171 1362 1205 et
1388 1163 1591 1219 incipiunt
1618 1161 1781 1204 trahere

876 876 1001 931 Aqua
1020 876 1130 917 enim
1143 876 1232 930 jam
1251 862 1296 915 in
1327 874 1428 916 orbe
1458 888 1534 916 suo
1562 874 1783 916 sustinetur

67 1328 123 1359 per
137 1328 245 1350 arcum
261 1319 288 1350 C
303 1318 326 1349 k
339 1324 463 1349 motum
477 1319 686 1350 inclinationis
707 1319 908 1351 decrescentis

67 1361 176 1392 iisdem
207 1361 355 1402 gradibus
382 1361 539 1399 diminuit,
570 1362 683 1402 quibus
710 1373 766 1401 per
801 1372 907 1393 arcum

70 1403 104 1433 K
122 1404 149 1434 C
170 1404 339 1443 productus
352 1409 384 1434 et
409 1404 594 1434 acceleratus
619 1411 676 1434 est,
725 1402 831 1440 Quare
853 1405 906 1435 ille

67 1445 271 1477 decrescentis
284 1446 494 1477 inclinationis
506 1452 612 1478 motus
626 1445 751 1487 penitas
765 1457 828 1478 non
851 1446 906 1478 de-

948 1325 1066 1351 raturas
1079 1319 1222 1355 incidere,
1244 1318 1406 1351 minimam
1420 1319 1454 1349 in
1469 1319 1616 1361 syzygias.
1659 1318 1778 1351 Verum

949 1363 976 1392 si
1004 1368 1149 1393 manente
1172 1362 1281 1393 eadem
1305 1362 1336 1392 vi
1361 1362 1536 1403 centrifuga
1560 1368 1710 1403 augeatur
1723 1363 1780 1392 ·vis

948 1406 1124 1444 centripeta,
1140 1415 1194 1435 seu
1209 1405 1341 1445 gravitas
1354 1404 1574 1444 particularum
1589 1415 1687 1445 aquae,
1709 1415 1779 1444 par-

947 1447 1052 1479 ticulae
1065 1447 1128 1478 inae
1143 1457 1207 1478 non
1219 1447 1251 1478 vi
1264 1447 1320 1478 sua
1335 1446 1518 1488 centa-ifuga,
1544 1447 1599 1478 sed
1622 1447 1702 1478 alvei
1723 1457 1779 1485 pa-

1241 1490 1377 1527 rictibus,
1393 1490 1476 1520 utin
1497 1490 1574 1520 mari
1599 1496 1692 1529 atque
1716 1489 1777 1520 flu-

1242 1532 1379 1563 minibus
1392 1531 1511 1563 telluris
1525 1532 1686 1573 contingit,
1710 1542 1778 1563 sua-

1243 1575 1382 1606 tinentur
1404 1581 1435 1606 et
1461 1575 1495 1605 in
1523 1576 1596 1606 orbe
1621 1585 1679 1605 suo
1707 1585 1778 1614 per-

1242 1623 1370 1648 manent
1388 1627 1424 1648 ac
1444 1616 1572 1657 proinde,
1590 1627 1655 1647 non
1668 1617 1792 1656 ampli·,

1243 1670 1283 1691 us
1305 1659 1346 1691 ad
1366 1659 1469 1701 legem
1492 1660 1627 1700 corporis
1651 1660 1778 1691 solitarii

1243 1703 1362 1734 circum
1389 1709 1530 1733 centrum
1567 1703 1606 1738 T,
1639 1702 1673 1732 in
1709 1713 1779 1742 spa.-

1242 1746 1287 1776 tio
1307 1744 1404 1776 libero
1424 1745 1606 1776 revolventis
1629 1755 1649 1775 a
1672 1751 1779 1776 centro

1242 1788 1298 1818 illo
1324 1789 1354 1819 T
1377 1787 1534 1825 recedunt,
1561 1787 1611 1818 vel
1635 1787 1676 1818 ad
1700 1786 1777 1818 illud

1243 1829 1403 1861 accedunt.
1451 1829 1537 1861 Loca
1558 1830 1655 1870 igitur
1679 1830 1778 1860 maxi-

1241 1883 1364 1903 marum
1377 1877 1408 1902 et
1421 1871 1621 1902 minimarum
1641 1872 1776 1903 altitudi-

1244 1925 1323 1945 num
1337 1925 1426 1956 aquae
1451 1914 1570 1945 diversa
1591 1923 1701 1946 erunt:
1726 1925 1778 1946 ve-

1243 1957 1350 1988 locitas
1377 1963 1482 1988 tamen
1509 1957 1644 1996 partium
1678 1967 1777 1997 aquoe,

1242 1999 1360 2030 caeteris
1373 1999 1506 2039 paribus,
1521 2000 1657 2032 maxima
1670 2001 1728 2031 erit
1745 2000 1779 2030 in

949 2042 1087 2083 syzygiis,
1114 2041 1244 2072 minima
1265 2042 1300 2072 in
1324 2041 1517 2082 quadraturis
1543 2043 1612 2083 (per
1638 2043 1709 2074 Cor.
1727 2043 1778 2082 3.)

952 2084 1108 2116 Praeterea
1119 2084 1166 2115 vis
1181 2084 1209 2114 L
1225 2084 1262 2114 M
1287 2083 1428 2115 addititia
1443 2084 1536 2114 trahit
1555 2095 1667 2124 aquam
1688 2084 1780 2116 deor-

949 2137 1028 2162 sum,
1044 2137 1099 2157 seu
1113 2126 1153 2156 ad
1166 2131 1306 2156 centrum
1323 2126 1360 2160 T,
1382 2126 1518 2156 maxime
1537 2126 1572 2156 in
1716 2127 1780 2158 uris

949 2168 1043 2210 (504)
1066 2174 1096 2199 et
1110 2168 1156 2198 vis
1176 2167 1313 2198 ablatitia
1333 2167 1368 2198 K
1383 2167 1413 2198 L
1439 2168 1532 2198 trahit
1555 2169 1687 2199 eandem
1711 2180 1780 2200 sur-

947 2221 1027 2247 sum,
1049 2209 1184 2241 maxime
1197 2210 1231 2239 in
1245 2209 1376 2262 syzygiis
1391 2209 1484 2251 (501)
1500 2216 1532 2240 et
1543 2209 1615 2241 ideo
1628 2212 1655 2241 si
1668 2211 1781 2252 globus

950 2263 1022 2284 cum
1044 2263 1124 2293 aqua
1149 2252 1364 2292 circumposita
1385 2262 1448 2282 non
1471 2252 1676 2283 revolveretur
1700 2253 1781 2284 circa

950 2301 1092 2327 centrum
1122 2295 1162 2332 T,
1191 2295 1329 2325 minixnae
1356 2304 1507 2344 aquarum
1539 2296 1716 2327 altitudines
1746 2296 1781 2326 in

71 2044 210 2078 struitur.
235 2044 294 2075 nisi
317 2043 419 2075 nodus
435 2043 469 2074 K
483 2043 656 2085 pervenerit
679 2043 713 2073 in
729 2043 753 2073 k
777 2048 907 2083 tumque

69 2086 117 2117 vis
132 2087 166 2117 N
182 2087 222 2118 M
235 2087 366 2127 planum
379 2085 516 2121 reclinat,
531 2087 591 2116 hoc
601 2092 655 2122 est,
668 2086 751 2116 nodo
759 2084 908 2116 existente

72 2130 106 2159 in
120 2130 143 2159 k
156 2129 265 2169 incipit
278 2135 383 2160 motus
396 2128 603 2159 reclinationis
617 2127 680 2158 siva
693 2133 797 2158 motus
817 2126 907 2157 incli-

73 2171 207 2202 nationis
220 2171 383 2202 crescentis
397 2178 428 2201 et
441 2177 613 2210 perseverat
625 2180 724 2211 usque
738 2169 778 2200 ad
800 2174 906 2207 octan-

30 2239 32 2242 >
74 2219 136 2245 tem
150 2216 327 2254 proximum
338 2213 367 2244 L
379 2212 471 2253 atque
482 2213 524 2243 ibi
534 2219 639 2243 censat.
686 2211 820 2260 Liquet'
811 2211 906 2252 igitur

52 2297 57 2302 ι
73 2256 240 2286 ιιιίιιίιιιιιιιι
254 2256 407 2297 angulum
422 2254 628 2286 inclinationis
642 2254 708 2284 fieri
729 2254 763 2283 in
778 2254 907 2284 octanti-

72 2300 134 2329 bus
146 2298 300 2329 nodorum
313 2298 346 2335 k,
369 2298 382 2328 l
396 2303 465 2337 post
479 2297 681 2338 quadraturas
697 2297 735 2331 C,
761 2296 794 2327 D
809 2295 908 2326 maxi-

74 2351 163 2371 mum
177 2351 250 2371 vero
263 2341 341 2372 dum
361 2340 436 2371 nodi
456 2346 616 2370 versantur
634 2339 669 2369 in
687 2339 860 2370 octantibus
876 2337 910 2368 K

76 2390 108 2414 et
124 2384 153 2414 L
167 2389 237 2423 post
250 2382 389 2423 syzygias
404 2382 446 2420 A,
465 2383 505 2414 B.

118 2427 147 2468 (¹
150 2426 164 2466 )
187 2428 204 2446 θ
232 2427 352 2466 Supplet
366 2427 448 2457 enim
461 2427 555 2456 vicem
569 2425 689 2461 annuli,
712 2425 769 2454 διο.
817 2423 906 2454 Patet

75 2478 131 2508 per
143 2473 208 2498 not.
223 2470 295 2498 514.
343 2467 376 2498 Si
389 2466 531 2497 materiae
547 2467 582 2497 in
596 2466 759 2507 aequatoris
772 2466 906 2506 regioni-

75 2512 136 2541 bus
149 2519 290 2542 excessus
303 2519 357 2548 per
369 2508 522 2539 annulum
539 2509 566 2540 C
581 2519 600 2540 c
616 2509 647 2539 A
665 2509 698 2540 D
713 2509 741 2544 b,
760 2508 833 2549 (vid.
849 2508 902 2556 fig.

76 2561 141 2583 not.
155 2552 246 2592 514.)
264 2551 444 2582 exhibeatur
457 2557 489 2582 et
502 2551 622 2592 reliqua
634 2551 720 2593 globi
734 2550 861 2581 materia
875 2550 906 2581 in

77 2601 184 2626 centro
200 2594 231 2625 T
244 2600 349 2624 coacta
362 2593 554 2634 intelligatur

50 2635 53 2637 ’
121 2636 149 2678 ('
151 2639 163 2674 )
186 2639 204 2656 ²
234 2639 287 2667 Vix
299 2635 368 2667 iude}
383 2638 594 2667 mutabuntur.
634 2636 719 2666 Nam
729 2636 828 2676 major
837 2645 906 2675 par-

77 2679 158 2710 tium
172 2678 279 2719 globi·
270 2688 304 2708 ιιι
318 2684 459 2709 centrum
485 2678 515 2708 T
539 2677 671 2718 gravitas
695 2688 758 2708 non
780 2677 907 2717 impedit

78 2716 156 2762 quin
177 2721 313 2751 annulus
332 2719 448 2751 fluidus
471 2720 522 2750 vel
546 2719 671 2756 solidus,
697 2720 908 2759 impressiones

78 2763 192 2794 virium
207 2763 237 2793 L
253 2762 302 2799 M,
319 2763 352 2793 N
369 2763 408 2793 Μ
422 2762 575 2801 suscipiat,
598 2762 665 2792 loca
685 2767 790 2793 tamen
810 2762 908 2792 maxi-

79 2815 203 2836 marum
217 2810 249 2835 et
262 2804 460 2836 minimarum
475 2804 675 2835 altitudinum
690 2815 778 2845 aquae
792 2804 909 2835 diversa

80 2853 182 2878 erunt.
229 2846 403 2887 Hucusque
417 2847 501 2878 enim
515 2846 733 2886 supposuimus
746 2846 910 2886 particulas

81 2888 538 2968 ttzssffizffssfflffffffi
552 2888 911 2979 Zssssssssngeffffissiffi

81 2973 216 3013 corporis
230 2972 355 3002 solitarii
373 2972 401 3002 P
415 2972 530 3003 circum
546 2973 598 3004 Τ
588 2984 623 3003 ιιι
636 2973 733 3012 spatio
747 2973 842 3004 libero
862 2983 910 3003 re-

952 2338 1144 2378 quadraturis
1161 2338 1187 2368 Ο
1202 2344 1234 2368 et
1250 2338 1293 2374 D,
1309 2337 1453 2367 maximae
1467 2337 1501 2367 in
1514 2338 1644 2378 syzygiis
1660 2340 1691 2369 A
1707 2345 1738 2369 et
1750 2339 1779 2369 Β

952 2386 1074 2418 essent3
1100 2389 1207 2411 rerum
1222 2375 1397 2411 revolvente
1417 2389 1491 2410 cum
1513 2380 1607 2420 globo
1620 2380 1734 2421 aqua
1719 2394 1739 2413 a
1752 2381 1780 2413 C

947 2423 988 2453 ad
1006 2423 1046 2459 A,
1061 2422 1107 2452 vis
1117 2422 1255 2453 addititia
1264 2427 1334 2460 post
1343 2421 1542 2462 quadraturas
1551 2433 1656 2464 agens,
1667 2433 1781 2472 aquam

948 2465 1093 2495 deorsum
1108 2474 1228 2503 semper
1241 2470 1342 2504 urget,
1365 2465 1464 2495 donec
1477 2464 1508 2494 vi
1525 2465 1662 2496 ablatitia
1674 2466 1780 2497 vinca-

948 2513 1022 2545 tur;
1045 2513 1076 2537 et
1089 2507 1228 2537 similiter
1241 2507 1308 2536 haec
1328 2506 1374 2537 vis
1395 2506 1530 2538 ablasstia
1551 2514 1621 2546 post
1642 2509 1781 2549 syzygias

951 2559 1074 2580 sursum
1088 2549 1180 2580 trahit
1204 2559 1308 2589 aquas,
1332 2559 1465 2589 quarum
1488 2549 1618 2588 proinde
1641 2551 1780 2582 minimae

950 2591 1129 2622 altitudmes
1142 2590 1206 2622 non
1220 2591 1379 2622 incident·
1369 2602 1402 2621 ιιι
1402 2592 1627 2642 quadraturas,
1643 2592 1697 2623 sed
1710 2599 1780 2632 post

948 2634 1156 2675 quadraturas,
1179 2634 1323 2664 maximae
1344 2632 1416 2664 vero
1437 2640 1507 2673 post
1528 2635 1676 2676 syzygias.
1723 2636 1780 2665 ln.

949 2687 1040 2716 super
1053 2676 1164 2707 rotatio
1176 2675 1261 2717 globi
1283 2675 1364 2706 circa
1385 2676 1544 2716 proprium
1567 2688 1657 2707 axem
1680 2678 1780 2708 maxi-

950 2729 1016 2750 mas
1030 2729 1181 2759 aquarum
1195 2718 1373 2749 altitudines
1386 2729 1406 2748 a
1419 2719 1550 2759 syzygiis
1566 2720 1597 2750 A
1613 2726 1644 2750 et
1660 2721 1690 2751 Β
1711 2730 1780 2751 ver-

950 2772 1002 2792 sus
1024 2761 1224 2802 quadraturas
1250 2761 1284 2791 D
1307 2767 1339 2791 et
1362 2762 1388 2792 C
1410 2761 1562 2799 transfert,
1587 2762 1780 2793 intereadum

951 2804 1029 2834 viras
1052 2804 1082 2834 L
1105 2804 1154 2840 M,
1182 2803 1215 2833 N
1238 2803 1277 2833 M
1301 2802 1394 2833 simul
1413 2803 1532 2843 junctae
1555 2804 1705 2835 maximas
1729 2815 1782 2836 eu

950 2856 1101 2897 aquarum
1120 2845 1326 2876 altitudines·
1317 2855 1350 2875 ιιι
1372 2845 1502 2885 syzygiis
1522 2846 1691 2877 instaurare
1711 2857 1781 2887 per-

951 2887 1047 2927 petuo
1067 2888 1218 2925 nituntur,
1240 2897 1321 2927 aqua
1340 2886 1473 2918 autema
1497 2888 1523 2919 C
1536 2895 1567 2920 et
1583 2889 1616 2919 D
1631 2889 1779 2920 continua

952 2930 1022 2961 fluit
1045 2941 1150 2961 versus
1166 2931 1195 2960 A
1211 2935 1243 2960 et
1258 2930 1298 2966 B,
1325 2929 1400 2960 dum
1425 2930 1552 2961 elevatio
1575 2933 1614 2962 ab
1630 2932 1661 2962 A
1675 2942 1780 2963 versus

955 2973 988 3003 D
1003 2978 1035 3003 et
1047 2984 1067 3003 a
1084 2974 1112 3004 B
1127 2983 1232 3003 versus
1249 2973 1275 3002 C
1290 2973 1479 3010 transfertur,
1502 2980 1534 3004 et
1558 2973 1628 3005 ideo
1651 2975 1731 3006 inter
1746 2975 1774 3005 A

82 3015 254 3052 volventis;
277 3013 369 3055 atque
388 3014 462 3044 inde
481 3025 520 3045 ex
545 3015 616 3046 Cor.
635 3018 664 3046 5.
690 3021 846 3046 ostensum
868 3021 914 3045 est
955 3020 986 3044 et
1002 3015 1035 3045 D
1050 3021 1086 3045 ut
1100 3021 1131 3045 et
1144 3017 1223 3045 inter
1239 3015 1268 3045 B
1284 3020 1315 3044 et
1331 3015 1358 3045 C
1372 2995 1485 3045 dautui·
1498 3015 1563 3047 duo
1582 3022 1685 3047 motus
1704 3027 1779 3048 con-

82 3058 118 3088 ἰιι
135 3059 206 3090 Cor.
223 3058 271 3088 18.
289 3056 455 3088 maximam
469 3067 557 3098 aquae
570 3057 785 3089 altitudinem‘
776 3068 808 3088 ιιι
817 3057 914 3098 quad

955 3057 1039 3088 trarii
1052 3058 1164 3097 quibus
1176 3067 1257 3098 aqua
1270 3057 1483 3089 accumulatur
1496 3057 1540 3090 ita
1553 3065 1590 3090 ut
1602 3059 1781 3091 altitudines
