2086 3542
0 484 4 506 Μ
0 277 21 458 κνήστι-,Αἶπυ
3 262 7 267 ·

761 491 1224 554 AXIOMATA‚
1272 550 1275 552 ,

938 651 1032 680 SIVE

536 769 931 868 LEGES
989 785 1422 849 MOTUS.

880 1127 1010 1170 LEX
1041 1127 1076 1169 1.

65 1237 72 1245 ’
125 1252 187 1311 (·)
207 1251 356 1306 Corpus
385 1265 495 1293 omne
515 1265 768 1306 perseverare
797 1253 840 1292 in
859 1258 965 1293 statu
992 1265 1060 1292 suo
1088 1248 1306 1304 quiescendi
1324 1248 1385 1289 vel
1402 1247 1579 1288 movendi
1596 1246 1845 1301 umsomiter

163 1338 208 1378 in
226 1336 424 1386 directum
455 1336 533 1377 nisi
552 1334 739 1390 qudtenus
757 1350 784 1376 a
803 1335 950 1377 viribus
969 1333 1161 1389 impressis
1178 1333 1330 1387 cogitur
1347 1337 1486 1372 statum
1506 1331 1614 1371 illum
1633 1336 1794 1371 mutare.

129 1471 452 1534 PROJECTILIA
470 1492 732 1541 perseverant
750 1485 793 1526 in
811 1484 990 1526 motibus
1010 1483 1104 1534 suis,
1135 1481 1213 1523 nisi
1232 1480 1431 1539 qufitenus
1449 1496 1476 1522 a
1494 1476 1719 1522 resistentia
1739 1478 1843 1519 a‘e'ris

127 1555 401 1607 retardantur,
433 1564 475 1597 et
493 1556 533 1597 vi
551 1556 761 1613 gravitatis
780 1555 1050 1611 impelluntur
1070 1554 1275 1595 deorsum.
1335 1551 1539 1602 Trochus,
1571 1551 1686 1606 cujus
1705 1557 1842 1604 partes

129 1626 376 1668 cohaerendo
395 1625 596 1682 perpetuo
615 1626 831 1668 retrahunt
850 1641 936 1668 sese
955 1642 980 1667 a
999 1625 1177 1666 motibus
1198 1623 1426 1674 rectilineis,
1449 1637 1534 1664 non
1554 1628 1681 1664 cessat
1699 1621 1840 1672 rotari,

128 1697 207 1738 nisi
226 1696 424 1754 quatenus
443 1697 496 1739 ab
516 1701 611 1739 ae‘re
630 1697 874 1739 retardatur.
935 1697 1103 1752 Majora
1131 1702 1268 1737 autem
1301 1694 1566 1736 Planetarum
1586 1700 1627 1734 et
1649 1692 1842 1734 Cometa-

129 1782 222 1809 rum
241 1782 416 1823 corpora
434 1775 569 1809 motus
590 1783 682 1809 suos
703 1776 743 1809 et
761 1767 1038 1825 progressivos
1059 1775 1099 1809 et
1118 1765 1335 1808 circulares
1363 1765 1407 1806 in
1436 1764 1575 1820 spatiis
1607 1763 1743 1804 minus
1777 1777 1843 1803 re-

130 1838 360 1880 sistentibus
379 1838 506 1880 factos
527 1846 770 1881 conservant
788 1839 953 1881 diutius.

880 1977 1010 2022 LEX
1039 1977 1098 2021 ΙΙ.

144 2086 189 2144 (²)
206 2086 469 2129 Mutationem
497 2095 617 2131 motus
638 2091 976 2143 proportionalem
1004 2103 1082 2130 esse
1110 2088 1151 2130 vi
1179 2087 1332 2128 motricz·
1360 2086 1567 2140 impressae,
1598 2090 1637 2125 et
1646 2084 1751 2138 fleri
1768 2098 1827 2125 se-

472 2158 635 2200 cundzlm
655 2162 799 2201 lineam
818 2167 961 2202 rectam
982 2158 1060 2214 quei
1079 2160 1137 2201 vis
1156 2159 1230 2199 illa
1251 2157 1502 2212 imprimitur.

190 2267 236 2311 Si
266 2268 324 2309 vis
354 2268 491 2324 aliqua
519 2277 678 2310 motum
707 2269 889 2325 quemvis
918 2269 1108 2326 generet3
1153 2268 1280 2323 dupla
1299 2265 1495 2322 -duplum,
1523 2266 1646 2320 tripla
1676 2264 1845 2318 triplum

130 2339 355 2396 generabit,
388 2339 470 2380 sive
500 2339 620 2381 simul
650 2347 690 2381 et
720 2341 860 2392 semel,
892 2341 975 2382 sive
1004 2340 1208 2397 gradatim
1237 2347 1278 2382 et
1307 2337 1528 2379 successive
1557 2338 1751 2392 impressa
1780 2334 1845 2375 fu-

131 2410 220 2452 erit.
280 2411 337 2452 Et
363 2410 432 2452 hic
461 2418 596 2452 motus
626 2412 838 2467 (quoniam
866 2412 911 2452 in
940 2411 1113 2453 eandem
1142 2424 1302 2464 semper
1320 2409 1486 2465 plagam
1515 2422 1610 2448 cum
1638 2407 1679 2447 vi
1698 2421 1845 2463 gener-

174 2519 217 2562 (s)
240 2523 290 2550 24.
313 2520 365 2551 Ex
385 2519 444 2551 hiic
463 2521 564 2560 primii
578 2520 647 2562 lege
661 2532 755 2563 quam
772 2521 821 2562 (9)
838 2521 966 2552 demon·
1009 2520 1128 2562 majora
1137 2519 1331 2559 planetarum
1342 2523 1373 2548 et
1384 2522 1574 2547 cometarum
1588 2526 1715 2555 corpora
1726 2516 1846 2547 nullam

132 2563 303 2598 stravimus,
327 2563 466 2603 sequitur
486 2574 613 2594 omnem
634 2571 757 2595 motum
771 2575 836 2595 esse
858 2563 969 2594 naturii
1011 2562 1185 2594 sensibilem
1199 2562 1233 2592 in
1247 2561 1353 2601 spatiis
1373 2559 1545 2590 coelestibus
1559 2559 1688 2598 experiri
1703 2559 1846 2590 resisten-

131 2604 188 2636 sua
203 2603 386 2645 aequabilem
399 2612 431 2636 et
444 2605 648 2642 rectilineum,
664 2606 802 2647 adeoque
815 2617 870 2637 nec
885 2607 969 2637 illius

131 2647 323 2678 velocitatem
346 2645 503 2684 retardari,
534 2658 592 2679 nec
617 2649 817 2684 directionem
841 2649 965 2684 mutari,

130 2690 191 2720 nisi
204 2690 331 2730 aliquod
344 2691 540 2722 obstaculum
559 2691 666 2722 mobili
688 2692 848 2730 offeratur3
874 2692 968 2722 Unde

132 2732 206 2763 cum
227 2733 396 2773 projeetilia
420 2739 542 2764 motum
567 2744 661 2763 suum
686 2734 799 2764 sensim
813 2735 964 2770 amittant,

131 2774 298 2814 quaerenda
311 2781 357 2805 est
370 2775 473 2816 aliqua
493 2777 622 2817 hujusce
637 2776 848 2807 retardationis
862 2786 963 2807 causa.

135 2818 219 2848 Cum
242 2816 355 2847 autem*
373 2827 500 2857 corpora
521 2820 656 2861 projecta
679 2818 729 2849 vel
750 2825 805 2858 per
827 2818 967 2849 medium

132 2859 273 2890 resistens
301 2859 504 2901 deferantur„
521 2861 569 2890 vel
598 2862 692 2892 etiam
720 2870 812 2900 supet
836 2861 968 2891 aliorum

132 2903 296 2940 corporum
310 2902 484 2941 superficies
498 2904 617 2934 scabras
631 2903 784 2939 incedant,
808 2909 839 2934 et
852 2903 883 2933 vi
897 2913 967 2944 gra-

132 2944 235 2974 vitatis
259 2943 403 2974 deorsum
426 2955 547 2984 semper
571 2952 751 2986 urgeantur,
774 2956 897 2976 necesse
922 2951 968 2976 est

133 2993 169 3016 ut
183 2992 252 3016 eam
267 2986 408 3023 amittant
422 2987 526 3017 motus
540 2988 588 3018 sui
602 2994 721 3026 partem
732 2998 827 3029 quam
841 2988 873 3018 in
884 2988 968 3018 hisce

131 3027 298 3059 obstaculis
325 3029 503 3068 superandis
538 3029 685 3060 continuo
720 3032 897 3066 absumunt,
934 3040 970 3061 ac

132 3069 262 3110 proinde
276 3080 339 3110 quo
352 3071 451 3111 major
464 3072 513 3101 vel
526 3072 629 3102 minor
643 3072 701 3103 erit
714 3072 809 3102 medii
823 3072 966 3103 resisten-

132 3113 184 3148 tia,
202 3112 240 3143 eo
264 3113 366 3153 majus
389 3113 438 3143 vel
462 3114 567 3144 minus
587 3114 819 3145 decrementum
840 3114 968 3153 accipiet

134 3155 270 3195 corporis
282 3155 410 3196 projecti
431 3155 584 3187 velocitas.
631 3157 684 3187 Ex
705 3157 753 3186 his
773 3156 870 3197 igitur
884 3162 969 3195 patet

1011 2606 1096 2641 tiam,
1113 2604 1185 2635 cum
1201 2610 1304 2634 motus
1318 2613 1390 2633 suos
1404 2601 1574 2632 diutissime
1589 2607 1778 2631 conservent.

1053 2648 1093 2690 (t)
1117 2650 1167 2679 25.
1192 2647 1224 2677 Si
1239 2656 1350 2685 corpus
1363 2645 1393 2675 vi
1407 2644 1512 2678 activa.
1539 2643 1638 2684 qualis
1657 2649 1702 2674 est
1716 2643 1761 2674 vis
1775 2654 1846 2684 grar-

1010 2691 1120 2726 vitafis,
1138 2687 1309 2720 secundum
1327 2687 1459 2718 candem
1473 2693 1528 2717 aut
1547 2685 1725 2725 parallelam
1748 2686 1846 2717 direc-

1010 2733 1127 2764 tionem
1150 2730 1300 2764 continue>
1326 2724 1481 2771 urgeafur,
1505 2734 1609 2759 motus
1631 2728 1715 2759 illius
1745 2729 1844 2760 eonti-

1010 2774 1076 2806 nuo
1089 2775 1276 2806 acceleratur
1284 2786 1294 2812 ;
1318 2783 1391 2803 nam
1406 2782 1460 2812 per
1474 2771 1534 2812 leg.
1556 2775 1596 2808 1.,
1619 2777 1724 2801 manet
1738 2770 1845 2802 celeri-

1009 2825 1056 2849 tas
1070 2818 1226 2858 acquisita,
1243 2822 1275 2847 et
1289 2825 1343 2854 per
1357 2815 1417 2855 leg.
1437 2819 1465 2844 2.
1483 2824 1563 2843 nova
1572 2813 1758 2852 conspiranti
1771 2823 1846 2845 con.

1010 2857 1100 2891 tinuo
1115 2860 1247 2891 additur.
1301 2858 1334 2889 Si
1348 2856 1419 2887 vero
1434 2856 1536 2896 aliqua
1550 2857 1596 2886 vis
1608 2855 1642 2885 in
1657 2866 1767 2896 corpus
1777 2857 1844 2898 jam

1009 2905 1132 2934 motum
1147 2901 1299 2933 contraria
1313 2899 1478 2930 directione
1487 2897 1635 2938 perpetuo
1644 2905 1724 2939 agat,
1740 2905 1846 2929 motus

1009 2946 1094 2975 iliius
1119 2944 1265 2975 continuo
1289 2942 1468 2976 retardatur,
1499 2951 1554 2979 per
1574 2941 1635 2981 leg.
1661 2945 1691 2971 2.
1754 2941 1786 2972 Si
1801 2941 1846 2971 vis

1011 2987 1189 3026 conspirans
1203 2983 1350 3016 continuo
1373 2993 1409 3013 ac
1431 2983 1626 3013 uniformiter
1639 2989 1718 3024 agat,
1742 2983 1775 3014 id
1789 2989 1843 3019 ὥς

1013 3030 1038 3059 si
1053 3036 1196 3060 constans
1211 3029 1257 3063 sit,
1274 3036 1385 3065 corpus
1395 3025 1432 3056 ea
1441 3025 1471 3055 vi
1480 3025 1659 3065 impulsum,
1676 3026 1846 3067 aequalibus

1009 3071 1199 3110 temporibus
1213 3069 1343 3110 aequalia
1357 3068 1468 3108 accipit
1475 3067 1638 3098 celeritatis
1646 3068 1843 3104 incrementa,

1010 3124 1065 3143 seu
1078 3119 1167 3143 motu
1182 3111 1377 3142 uniformiter
1390 3110 1556 3141 accelerato
1570 3110 1676 3145 fertur,
1694 3117 1725 3141 et
1738 3111 1844 3141 celeri-

1010 3161 1088 3186 tates
1101 3155 1132 3185 vi
1146 3154 1201 3185 illa
1224 3153 1390 3196 acquisitae,
1415 3158 1489 3184 sunt
1512 3158 1549 3183 ut
1571 3159 1711 3192 tempora
1733 3153 1847 3194 quibus
