2086 3542
299 256 382 293 368
712 249 1158 294 PHILOSOPHIAE
1189 250 1547 293 NATURALIS
1633 249 1774 301 [Mors.
1797 250 1994 293 Cunnum

300 364 384 405 sive
404 363 579 419 simplex
598 363 772 419 sphaerae
792 365 911 406 unius
930 365 974 405 in
994 364 1175 415 alteram,
1194 364 1278 406 sive
1292 373 1434 406 mutua
1446 364 1656 421 utriusque
1675 363 1718 405 in
1738 378 1782 406 se
1800 363 1988 416 invicem,

295 436 373 478 erit
393 444 439 478 ut
457 436 651 479 distantia
671 443 905 478 centrorum
924 451 951 491 p
975 437 1017 478 S.
1080 437 1134 486 Q.
1157 451 1192 478 e.
1213 436 1254 478 d.

451 628 825 672 PROPOSITIO
855 627 1117 669 LXXVIII.
1179 625 1538 668 THEOREMA
1565 625 1832 668 XXXVIII.

293 746 339 789 Si
356 748 519 802 sphaeroe
539 750 582 789 in
597 761 803 802 progressu
821 761 848 787 a
867 753 997 787 centro
1017 746 1072 786 ad
1089 745 1434 800 circumferentiam
1452 745 1531 786 sint
1545 750 1730 799 utcunque
1741 746 1990 787 dissimilares

351 827 387 862 et
407 821 670 875 inaequabiles,
692 821 735 860 in
749 832 956 873 progressu
974 832 1064 859 vcro
1074 831 1152 871 per
1170 818 1369 858 circuitum
1390 817 1446 856 ad
1472 817 1605 857 datam
1634 830 1777 857 omnem
1804 831 1832 857 a
1859 823 1988 858 centro

349 891 578 931 distantiam
597 891 677 931 sint
695 890 867 943 undique
885 889 1077 930 similares
1092 909 1107 934 ‚-
1139 894 1176 928 et
1199 889 1256 927 vis
1281 887 1494 927 attractiva
1518 886 1657 939 puncti
1683 885 1858 941 cujusque
1881 887 1932 927 sit
1945 895 1989 930 ut

349 961 541 1000 distantia
561 960 733 1013 corporis
751 959 915 1000 attracti
927 976 940 998 .·
971 959 1056 998 dico
1076 959 1178 1012 quod
1195 958 1252 998 vis
1271 963 1353 997 tota
1374 955 1451 1010 qud
1478 954 1692 1009 Izzffjusmodi
1715 957 1878 1010 sphaerae
1905 957 1992 997 duce

349 1044 388 1070 se
408 1036 535 1071 mutuo
555 1030 717 1071 trahunt
734 1031 788 1071 sit
798 1030 1111 1083 proportionalis
1131 1028 1331 1069 distantia?
1349 1028 1454 1068 inter
1471 1032 1603 1067 centra
1623 1027 1875 1080 spleoerarum.

348 1156 671 1199 Demonstratur
691 1171 744 1197 ex
765 1156 1051 1212 Propositione
1069 1155 1328 1213 praecedente
1348 1155 1493 1197 eodem
1505 1155 1644 1206 modo,
1663 1170 1745 1212 quo
1761 1154 1992 1210 Propositlo

295 1228 511 1270 LXXVI.
533 1244 586 1270 ex
609 1229 898 1283 Propositione
920 1228 1106 1269 LXXV.
1128 1227 1405 1269 demonstrata
1424 1226 1512 1268 fuit.
1545 1227 1596 1281 (§)

352 1300 481 1340 Corol.
508 1299 623 1348 ‚Quae
643 1300 830 1354 superius
851 1299 895 1340 in
917 1299 1272 1353 Propositionibus
1294 1298 1352 1339 X.
1383 1306 1424 1339 et
1445 1297 1610 1340 LXIV.
1641 1297 1693 1339 de
1712 1305 1828 1339 motu
1848 1311 1994 1353 corpo-

292 1385 386 1412 rum
407 1371 515 1412 circa
534 1379 674 1413 centra
694 1372 927 1412 conicarum
958 1371 1185 1413 sectionum
1216 1371 1494 1412 demonstrata
1525 1378 1632 1420 sunt,
1666 1371 1802 1412 valent
1831 1370 1903 1411 ubi
1934 1377 1994 1411 at-

292 1441 514 1483 tractiones
535 1457 677 1484 omnes
698 1442 803 1484 fiunt
823 1442 864 1483 vi
884 1457 1104 1497 corporum
1125 1441 1421 1497 sphaericorum
1441 1441 1687 1484 conditionis
1707 1442 1796 1497 jam
1816 1440 1994 1496 descrip-

291 1521 359 1564 tae,
383 1522 424 1556 et
442 1522 615 1556 attracta
634 1529 808 1570 corpora
829 1522 924 1557 sunt
944 1514 1117 1569 sphaerae
1134 1513 1383 1565 conditionis
1405 1513 1598 1570 ejusdem.
1904 1505 1911 1513 ⁶

1036 1695 1238 1739 scholium.

349 1821 656 1864 Attractionum
675 1836 793 1863 casus
814 1822 918 1863 duos
939 1821 1182 1877 insigniores
1204 1822 1292 1876 jam
1312 1820 1409 1862 dedi
1438 1820 1670 1876 expositos3
1698 1820 1892 1863 nimirum
1921 1820 1993 1863 ub1

296 1893 399 1934 vires
421 1893 657 1946 centripetae
678 1892 918 1933 decrescunt
936 1891 979 1932 in
1000 1890 1206 1946 duplicat&
1227 1891 1511 1932 distantiarum
1530 1890 1699 1941 ratione,
1720 1891 1785 1933 vel
1804 1904 1992 1934 crescunt

287 1965 333 2005 in
352 1964 638 2006 distantiarum
657 1965 814 2006 ratione
847 1964 1048 2018 simplici3
1079 1963 1298 2005 efficientes
1329 1964 1373 2004 in
1406 1970 1581 2018 utroque
1616 1977 1711 2004 casu
1741 1970 1788 2004 ut
1818 1978 1992 2020 corpora

287 2045 488 2093 gyrentur
506 2038 547 2078 in
577 2037 727 2078 conicis
758 2037 1019 2086 sectionibus,
1054 2044 1096 2078 et
1126 2043 1417 2091 componentes
1447 2050 1667 2091 corporum
1698 2035 1991 2091 sphaericorum

289 2107 397 2148 vires
419 2107 663 2162 centripetas
685 2106 830 2148 effidem
850 2106 954 2163 lege,
988 2107 1032 2147 in
1063 2120 1227 2148 recessu
1246 2121 1271 2147 a
1290 2115 1444 2156 centro,
1478 2106 1758 2148 decrescentes
1788 2106 1853 2148 vel
1884 2121 1990 2149 cres-

288 2185 427 2219 centes
449 2191 543 2218 cum
562 2177 730 2233 seipsis:
767 2177 895 2227 Quod
922 2186 984 2219 est
1011 2184 1155 2218 notatu
1175 2177 1358 2234 dignum.
1420 2177 1548 2218 Casus
1580 2184 1762 2228 caeteros‚
1791 2170 1862 2235 qui
1892 2192 1991 2220 con-
2025 2200 2028 2203 ·

287 2248 490 2290 clusiones
510 2248 644 2290 minus
679 2248 885 2305 elegantes
920 2248 1129 2299 exhibent,
1166 2248 1372 2306 sigillatim
1404 2263 1644 2303 percurrere
1671 2249 1843 2306 longum
1872 2256 1990 2293 esset.

290 2318 444 2362 Malim
465 2328 635 2362 cunctos
654 2319 851 2362 methodo
869 2320 1053 2377 generali
1073 2320 1194 2362 simul
1215 2319 1561 2376 comprehendere
1580 2335 1628 2363 ac
1653 2320 1925 2364 detenninare
1944 2329 1992 2364 ut

289 2392 484 2448 sequitur.

336 2532 389 2575 (§)
416 2531 519 2568 Quae
509 2542 543 2562 m
562 2531 735 2563 Corollariis
751 2532 844 2572 Prop.
863 2535 914 2565 76.
936 2532 991 2564 ubi
1011 2539 1121 2564 attrac-
1162 2533 1251 2564 trices
1265 2533 1455 2574 singularum
1476 2534 1509 2564 in
1532 2512 1670 2584 singulas
1693 2539 1784 2566 erunt
1804 2540 1841 2566 ut
1863 2535 1990 2576 sphera

291 2574 338 2605 tio
353 2576 479 2613 sphaerae
493 2573 597 2604 versus
611 2575 759 2613 sphaeram
773 2581 838 2606 erat
850 2575 997 2616 quadrato
1008 2575 1107 2606 distan
1162 2577 1316 2606 trahentes
1330 2582 1360 2606 et
1381 2576 1531 2607 distantiae
1551 2577 1631 2608 inter
1652 2582 1755 2608 centra
1776 2577 1985 2618 conjunctim·
1974 2602 1986 2618 ‚

291 2617 345 2647 tiae
363 2622 539 2647 centmrum
560 2616 714 2656 reciproce
733 2618 972 2656 proportionalis,
996 2617 1122 2648 demon·
1164 2618 1357 2648 attractiones
1371 2617 1442 2649 vei-6
1456 2619 1596 2650 mou-ices
1610 2625 1646 2650 ut
1666 2619 1790 2658 sphaere
1803 2621 1987 2652 attrahentes

293 2664 387 2689 strata
417 2664 498 2695 sunt,
528 2668 574 2696 ea,
603 2659 728 2689 mutatis
756 2659 920 2696 mutandis,
950 2659 989 2690 ad
1019 2669 1124 2691 casum
1165 2666 1196 2690 et
1210 2665 1344 2690 attractae
1358 2666 1389 2690 et
1402 2660 1553 2691 distantiae
1567 2661 1646 2691 inter
1665 2667 1768 2691 centra
1788 2660 1986 2706 conjunctim,

292 2701 388 2748 hujus
406 2700 626 2739 Propositionis
642 2704 691 2732 78.
706 2702 862 2732 transferri
877 2707 1014 2741 possunt.
1062 2702 1122 2733 Ni·
1163 2702 1331 2742 eademque
1345 2702 1446 2733 valent
1469 2703 1522 2734 ubi
1545 2703 1680 2734 atti-acuo
1703 2702 1800 2733 oritur
1821 2713 1841 2734 a
1861 2700 1987 2744 sphera

290 2743 407 2773 mirum
421 2743 445 2772 si
461 2743 611 2783 ejusmodi
626 2744 752 2781 sphaerae
766 2744 937 2784 complures
951 2754 1006 2784 per
1019 2744 1124 2774 omnia
1164 2744 1323 2784 utriusque
1347 2745 1458 2775 virtute
1486 2744 1640 2776 attractiva
1664 2743 1774 2776 mutuo
1798 2745 1929 2778 exercitfi
1952 2746 1984 2778 in

290 2784 405 2815 similes
419 2795 451 2816 se
471 2784 583 2817 mutu&
606 2786 737 2824 trahant,
760 2787 954 2818 attractiones
974 2786 1123 2817 accelera-
1164 2787 1315 2825 sphaeram
1328 2786 1464 2818 alteram.
