2086 3542
153 244 304 287 Lmnss
320 243 537 292 anufsr]
596 236 917 281 PRINCIPIA
947 230 1442 276 MATHEMATICA.

1795 228 1852 268 47

830 346 1063 390 LEMMA
1092 343 1171 388 IV.
1564 382 1567 383 γ

156 456 204 499 Si
221 455 267 497 in
285 452 589 507 duabusfflris
608 451 650 492 A
669 465 694 491 a
712 464 736 491 c
756 446 809 499 E,
834 448 870 495 P
888 462 918 502 p
937 462 960 488 r
978 445 1033 497 T,
1056 430 1325 487 inscribantur
1346 443 1419 499 (ut
1447 443 1587 500 irfia)
1609 444 1698 483 duce
1709 446 1854 496 paral-

214 528 548 580 lelogrammorum
568 522 699 571 series,
720 510 847 574 sitam
867 519 970 559 idem
989 516 1186 557 amborum
1201 529 1395 565 numerus,
1417 521 1456 555 et
1473 514 1542 555 ubi
1560 514 1792 554 latitudines
1812 511 1858 553 ἐπ’

215 596 412 650 infinitum
433 594 719 641 diminuuntur,
739 590 917 631 rationes
927 588 1077 628 ultimae
1087 586 1549 640 parallelogrammorum
1564 585 1608 624 in
1626 582 1855 637 undfigura

217 669 274 708 ad
293 666 676 720 parallelogramma
706 662 750 702 in
770 658 914 709 altera,
944 658 1185 712 singulorum
1204 657 1262 696 ad
1281 656 1452 710 singula,
1472 656 1555 695 sint
1569 655 1710 695 eaedem
1722 676 1738 700 ,·
1771 651 1871 694 dico'

217 739 322 794 quod
331 739 488 792 figurae
506 737 594 776 duce
614 735 654 775 A
670 749 694 774 a
713 748 736 774 c
751 732 802 783 E,
825 730 862 772 P
881 743 910 785 p
924 744 946 771 r
958 729 1012 781 T,
1032 730 1191 771 suntad
1204 730 1365 779 invicem
1381 729 1426 769 in
1440 726 1574 770 eadem
1594 725 1668 768 illd
1686 727 1856 767 rat-ione.

228 1688 395 1732 Etenim
413 1694 460 1728 ut
479 1691 575 1726 sunt
592 1682 979 1740 parallelogramma
1007 1682 1171 1740 singula
1191 1681 1244 1724 ad
1265 1680 1437 1738 singula,
1468 1680 1528 1721 ita
1548 1675 1869 1735 (componendo)

171 1761 222 1803 fit
240 1773 399 1802 summa
426 1755 607 1797 omnium
637 1754 691 1795 ad
720 1768 923 1795 summam
943 1755 1141 1804 omnium,
1172 1761 1214 1795 et
1231 1754 1289 1794 ita
1307 1753 1443 1809 figura
1462 1751 1515 1792 ad
1534 1751 1733 1807 figuram3
1764 1749 1871 1790 exis-

171 1841 282 1876 tente
310 1831 504 1873 nimirum
533 1826 667 1884 figura
695 1826 833 1881 priore
854 1829 947 1882 (per
968 1827 1144 1868 Lemma
1166 1826 1269 1878 III.)
1300 1825 1353 1866 ad
1381 1838 1582 1865 summam
1606 1822 1801 1876 priorem,
1831 1827 1873 1860 et

171 1901 308 1960 figura
328 1899 554 1957 posteriore
573 1896 626 1938 ad
647 1909 847 1937 summam
866 1896 1136 1950 posteriorem
1156 1896 1200 1936 in
1220 1895 1378 1936 ratione
1397 1891 1651 1948 aequalitatis.
1703 1889 1758 1938 Q.
1780 1904 1813 1930 e-
1829 1889 1870 1930 d.

231 1973 362 2016 Corol.
394 1971 511 2013 Hinc
531 1969 565 2010 si
584 1967 678 2009 duae
699 1967 978 2023 cujuscunque
998 1967 1164 2024 generis
1186 1966 1431 2023 quantitates
1443 1965 1486 2004 in
1499 1962 1674 2004 eundem
1693 1961 1872 2016 partium

172 2058 391 2087 numerum
428 2050 638 2095 utcunque
679 2038 938 2088 dividantur3
979 2047 1021 2080 et
1059 2047 1199 2094 partes
1238 2038 1333 2088 illae,
1383 2037 1456 2078 ubi
1498 2050 1693 2077 numerus
1731 2047 1873 2075 earum

160 2123 347 2175 'augetur
366 2123 407 2156 et
425 2112 667 2169 magnitudo
687 2111 928 2152 diminuitur
947 2112 992 2152 in
1011 2111 1236 2162 infinitum,
1268 2111 1402 2152 datam
1435 2109 1646 2151 obtineant
1673 2108 1874 2149 rationem

174 2189 230 2230 ad
256 2188 445 2236 invicem,
479 2185 615 2240 prima
648 2184 701 2224 ad
734 2185 925 2238 primam,
964 2184 1146 2226 secunda
1179 2184 1233 2225 ad
1264 2183 1496 2232 secundam,
1531 2190 1771 2236 caeteraeque
1799 2193 1874 2219 suo

175 2260 320 2302 ordine
350 2258 404 2300 ad
434 2266 626 2298 caeteras:
663 2264 783 2297 erunt
801 2264 889 2297 tota
927 2257 981 2298 ad
1014 2258 1192 2299 invicem
1220 2257 1264 2298 in
1293 2256 1443 2298 eadem.
1470 2255 1539 2296 illa
1574 2254 1668 2296 data
1703 2253 1872 2294 ratione.

177 2331 289 2373 Nam
309 2329 343 2370 si
363 2329 406 2369 in
427 2327 653 2369 Lemmatis
671 2325 794 2380 hujus
813 2326 958 2382 figuris
979 2335 1194 2368 sumantur
1211 2326 1595 2382 parallelogramma
1621 2325 1729 2364 inter
1757 2327 1801 2362 se
1830 2328 1876 2362 ut

177 2428 318 2469 usurpari
340 2433 440 2467 potest
456 2437 512 2467 pro
537 2426 824 2467 parauelogmmmo
852 2427 883 2457 A
904 2426 926 2462 l,
953 2432 1008 2457 aut

179 2472 271 2503 etiam
287 2481 341 2510 pro
354 2469 457 2511 figura
474 2471 502 2499 A
522 2470 551 2499 B
564 2470 586 2499 b
600 2478 627 2504 a,
650 2470 709 2499 hoc
723 2475 777 2505 est,
793 2478 850 2507 pro
863 2469 1008 2499 differen-

179 2514 222 2545 tia
235 2522 374 2544 arearum
389 2511 626 2543 curvilinearum
644 2511 675 2540 A
694 2511 724 2541 E
739 2521 756 2541 c
770 2521 798 2547 a,
816 2511 846 2540 B
863 2510 893 2540 E
908 2520 926 2540 c
940 2511 970 2540 b·

225 2559 294 2587 108.
326 2555 376 2586 Ex
391 2555 440 2584 his
461 2554 597 2594 sequit-ur
615 2552 748 2583 diversos
768 2563 834 2583 esse
848 2552 1008 2582 infinitesi·

181 2600 304 2629 morum
319 2597 460 2634 ordines;
483 2605 554 2626 nam
570 2602 726 2626 ostensum
740 2601 786 2625 est
801 2596 894 2637 (107)
910 2595 1009 2634 paml-

185 2641 421 2682 lelogrammum
438 2639 471 2669 K
486 2639 508 2675 l,
529 2637 764 2668 infinioesimum
784 2647 850 2668 ωδε
869 2643 1010 2676 respectu

183 2682 461 2723 parallelogrammi
488 2683 516 2711 A
532 2681 564 2716 b,
589 2680 648 2710 hoc
668 2678 742 2710 vero
761 2679 1011 2720 parallelogram-

182 2734 271 2755 mum
279 2724 513 2755 infmitesimum
523 2732 588 2753 oese
597 2729 736 2762 respectu
746 2731 825 2752 areae
835 2722 1012 2753 curvilineae

186 2768 217 2798 A
235 2767 265 2798 E
280 2777 297 2797 c
311 2777 338 2797 a.

229 2812 298 2841 109.
315 2809 430 2850 Figura
446 2810 477 2838 A
494 2808 525 2839 E
540 2818 558 2838 c
571 2818 599 2843 a,
614 2808 695 2838 circa
708 2817 798 2838 axem
814 2816 907 2838 suum
924 2807 954 2837 A
968 2807 1010 2842 E,

185 2851 367 2888 revolvatur,
389 2857 421 2881 et
434 2850 579 2891 quelibet
599 2850 740 2881 ordinata
765 2851 795 2880 A
811 2860 839 2886 a,
858 2850 887 2880 B
903 2851 934 2886 b,
956 2849 1011 2879 de-

186 2893 294 2923 scribet
307 2894 468 2929 circulum,
490 2893 580 2933 cujus
593 2899 648 2929 est,
663 2892 804 2923 ordinata
817 2893 884 2932 ipsa
896 2891 1010 2928 radius,

186 2934 344 2975 quodlibet
358 2935 570 2975 rectangulum
585 2945 767 2965 evanescens
780 2942 816 2965 ut
834 2934 867 2965 K
880 2934 919 2971 B,
935 2943 954 2964 a
970 2934 1010 2969 B,

186 2977 335 3007 descn‘bet
344 2977 516 3016 cylindrum
528 2983 768 3013 evanescentem,
782 2984 813 3007 et
822 2976 1012 3016 rectangulm

189 3019 223 3050 K
235 3019 256 3055 l,
275 3018 304 3049 L
317 3028 360 3055 m,
378 3019 414 3048 M
427 3029 460 3056 n,
475 3019 508 3049 D
518 3029 549 3056 o,
564 3019 687 3060 singula
697 3019 869 3050 describent
881 3018 1014 3049 annulos

186 3061 308 3097 solidos,
330 3070 462 3100 quorum
477 3071 598 3091 summa
612 3061 739 3101 :equalis
751 3063 809 3092 erit
822 3061 961 3100 cylindro
975 3070 1013 3090 ex

187 3103 338 3134 rotatione
351 3103 522 3144 rectanguli
539 3105 569 3133 A
585 3103 596 3133 l
610 3103 772 3143 descripto·
821 3104 926 3139 Quare
940 3112 1013 3133 cum

1049 2427 1100 2458 hic
1112 2427 1267 2467 cylindrus
1277 2427 1317 2458 sit
1330 2427 1556 2463 infinitesimus
1571 2430 1654 2465 patet
1665 2426 1734 2465 (per
1744 2422 1876 2453 Lemma

1053 2469 1099 2509 Ι.)
1122 2470 1264 2500 ultimam
1285 2470 1435 2500 rationem
1449 2468 1538 2498 solidi
1562 2478 1599 2497 ex
1614 2465 1760 2506 cylindris
1774 2463 1876 2496 omni-

1049 2513 1108 2542 bus
1133 2511 1290 2551 compositi
1313 2511 1353 2542 ad
1377 2510 1509 2541 solidum
1530 2519 1569 2540 ex
1593 2509 1744 2539 rotatione
1767 2507 1876 2547 figuroe

1051 2554 1227 2584 curvilineae
1258 2555 1289 2584 A
1313 2554 1343 2584 E
1365 2564 1383 2584 c
1403 2564 1432 2590 a,
1461 2552 1603 2594 genitum
1632 2561 1697 2581 eme
1723 2550 1875 2580 rationem

1051 2596 1241 2636 aequalitatiS.

1096 2639 1142 2679 (¹¹)
1170 2642 1237 2669 llo.
1277 2638 1361 2669 Nam
1374 2638 1400 2668 si
1415 2638 1609 2678 singulorum
1629 2633 1876 2675 parallelogram-

1053 2691 1176 2711 morum
1190 2681 1322 2711 latitudo
1330 2681 1457 2721 aequalis
1471 2686 1549 2710 esset
1564 2679 1653 2709 lineae
1671 2679 1700 2708 A
1719 2677 1753 2711 F,
1769 2676 1877 2716 figurae

1053 2723 1205 2762 inscriptae
1214 2729 1245 2753 et
1255 2723 1364 2763 figurae
1373 2722 1607 2760 circumscriptae
1618 2718 1790 2751 differentia
1799 2718 1878 2748 foret

1053 2765 1375 2806 parallelogrammum
1388 2765 1419 2795 A
1430 2765 1453 2801 f,
1471 2764 1576 2806 (Lem.
1597 2762 1684 2802 11.);
1700 2761 1771 2792 cum
1783 2761 1877 2801 igitur

1054 2808 1247 2848 singulorum
1262 2807 1617 2847 parallelogrammorum
1631 2804 1762 2835 latitudo
1776 2803 1876 2832 minor

1054 2850 1093 2880 sit
1107 2850 1267 2880 latitudine
1284 2850 1315 2879 A
1330 2849 1366 2886 F,
1383 2850 1435 2890 (ex
1447 2848 1536 2888 hyp.)
1552 2847 1696 2886 praedicta
1709 2845 1877 2886 figumum

1055 2891 1227 2924 differentia
1251 2891 1352 2921 minor
1376 2900 1499 2931 quoque
1523 2895 1570 2920 est
1593 2889 1878 2929 parallelogramma

1099 2976 1148 3017 (0)
1166 2979 1238 3007 111.
1267 2975 1433 3013 Propterea
1445 2975 1494 3004 hae
1508 2973 1617 3015 figurae
1630 2973 1749 3004 ultimae
1765 2972 1879 3014 (quod

1055 3018 1233 3057 perimetros
1246 3028 1265 3048 a
1279 3028 1296 3047 c
1312 3017 1358 3056 Ε)
1384 3027 1448 3046 non
1462 3023 1536 3047 sunt
1547 3016 1723 3053 recsslineae,
1746 3026 1800 3045 seu
1819 3024 1881 3044 non

1056 3067 1128 3090 sunt
1142 3071 1178 3090 ex
1194 3060 1338 3090 lateribus
1352 3059 1441 3089 rectis
1461 3069 1656 3099 quocumque
1669 3068 1800 3088 numero
1814 3056 1880 3086 fini-

1056 3109 1090 3133 to
1103 3103 1291 3143 compositae,
1313 3100 1367 3132 sed
1380 3107 1453 3132 sunt
1468 3100 1634 3143 figurarum
1658 3101 1882 3132 rectninoerum
