2086 3542
53 251 200 294 Lmen
222 252 437 305 Primus]
515 251 835 296 PRINCIPIA
865 250 1352 297 MATHEMATICA.
1664 258 1744 298 347

101 364 239 405 Cbrvl.
264 369 329 405 18.
359 361 515 405 Iisdem
532 362 707 420 legibus,
727 363 879 419 quibus
896 376 1046 418 corpus
1062 362 1099 404 P
1117 362 1274 404 circum
1293 376 1443 418 corpus
1460 362 1502 404 T
1515 363 1750 415 revolvitur,

50 434 254 492 fingamus
272 448 450 490 corpora
465 434 588 489 plura
602 435 732 476 fluida
750 436 906 476 circum
923 435 1035 477 idem
1054 434 1097 476 T
1115 434 1170 476 ad
1188 435 1366 490 aequales
1394 436 1448 477 ab
1475 436 1567 490 ipso
1597 436 1753 478 distan-

49 506 126 547 tias
146 506 327 556 moveri3
355 505 507 548 deinde
525 520 580 547 ex
596 505 662 547 his
680 506 884 562 contiguis
904 505 1019 547 factis
1043 504 1214 547 conflari
1241 506 1440 547 annulum
1468 507 1654 558 fluidum,
1685 523 1754 548 ro-

48 576 228 619 tundum
245 591 295 618 ac
312 576 478 631 corpori
498 576 540 618 T
559 576 891 626 concentricum3
920 585 963 618 et
981 575 1156 633 singulae
1174 575 1316 617 annuli
1334 584 1485 631 partes,
1507 586 1644 619 motus
1659 593 1755 619 suos

50 662 193 690 omnes
212 647 265 689 ad
284 647 419 704 legem
439 648 623 703 corporis
645 647 682 689 P
699 647 951 705 peragendo,
978 647 1149 703 propius
1169 647 1366 689 accedent
1384 647 1437 688 ad
1457 662 1607 703 corpus
1628 649 1682 699 T,
1714 659 1756 691 et

49 720 222 762 celerius
241 720 516 762 movebuntur
534 720 578 761 in
597 720 886 775 conjunctione
906 726 948 761 et
966 718 1226 775 oppositione
1245 719 1428 774 ipsarum
1447 727 1490 760 et
1508 721 1691 774 corporis
1709 722 1752 771 S,

49 806 174 848 quam
193 792 237 832 in
257 791 530 848 quadraturis.
591 791 648 833 Et
666 790 767 832 nodi
786 790 929 831 annuli
948 790 1085 846 hujus,
1108 805 1180 831 seu
1205 790 1514 832 intersectiones
1544 792 1630 846 ejus
1662 806 1757 833 cum

33 864 174 920 ,plano
193 863 340 906 orbitae
359 863 543 918 corporis
564 862 595 905 S
615 862 680 904 vel
700 863 754 913 T,
777 863 987 918 quiescent
1006 863 1048 902 in
1070 863 1244 918 syzygiis
1259 879 1271 912 3
1308 870 1426 904 extra
1445 864 1629 920 syzygias
1658 864 1756 905 vero

47 935 321 979 movebuntur
340 934 383 975 in
404 926 699 984 a‘h'teeedentia,
721 940 762 975 et
777 932 1031 974 velocissime
1051 933 1219 988 quidem
1238 933 1282 974 in
1303 932 1576 988 quadraturis,
1598 934 1754 975 tardius

47 1007 137 1049 aliis
157 1007 200 1048 in
219 1007 334 1049 locis.
395 1006 555 1049 Annuli
575 1019 738 1062 quoque
758 1004 967 1046 inclinatio
988 1004 1221 1055 variabitur,
1254 1004 1297 1058 (¹)
1329 1013 1370 1046 et
1390 1005 1476 1046 axis
1496 1007 1582 1060 ejus
1613 1005 1755 1062 singu-

46 1077 97 1119 lis
117 1076 438 1120 revolutionibus
458 1075 723 1126 osculabitur,
744 1074 1028 1130 completaque
1043 1074 1296 1116 revolutione
1318 1074 1371 1116 ad
1390 1075 1607 1129 pristinum
1631 1075 1754 1117 situm

50 1147 216 1197 redibit,
238 1146 318 1188 nisi
338 1145 538 1202 quatenus
556 1160 632 1201 per
651 1145 966 1201 praecessionem
985 1145 1190 1186 nodorum
1210 1144 1507 1187 circumfertur.

106 1217 238 1259 Cor-ol.
263 1222 328 1259 19.
362 1216 516 1273 Fingas
530 1216 617 1272 jam
637 1215 809 1272 globum
829 1215 1014 1270 corporis
1036 1215 1090 1266 T,
1113 1229 1166 1256 ex
1185 1214 1355 1256 materia
1388 1229 1473 1256 non
1502 1215 1629 1258 fluida
1660 1230 1757 1258 con-

50 1295 240 1339 stantem,
261 1287 450 1343 ampliari
470 1295 512 1330 et
532 1287 700 1329 extendi
719 1301 850 1343 usque
870 1287 924 1328 ad
942 1285 1055 1328 hunc
1075 1286 1288 1337 annulum,
1322 1293 1364 1327 et
1382 1286 1499 1328 alveo
1517 1301 1593 1342 per
1612 1287 1758 1328 circui-

46 1367 137 1401 tum
157 1366 354 1401 excavato
373 1359 585 1400 continere
604 1372 765 1414 aquam,
782 1366 979 1413 motuque
992 1356 1138 1399 eodem
1153 1356 1364 1412 periodico
1379 1357 1488 1397 circa
1501 1371 1621 1398 axem
1637 1371 1757 1398 suum

51 1430 311 1473 uniformiter
329 1430 496 1472 revolvi.
559 1430 647 1472 Hic
665 1430 802 1486 liquor
820 1443 896 1484 per
915 1429 1024 1470 vices
1043 1428 1292 1470 acceleratus
1314 1436 1355 1470 et
1374 1428 1602 1470 retardatus
1633 1431 1696 1483 (ut
1714 1429 1759 1469 in

49 1502 266 1558 superiore
286 1501 522 1553 corollario)
554 1499 605 1556 (¹¹)
635 1501 678 1542 in
698 1501 874 1558 syzygiis
904 1500 1082 1542 velocior
1112 1501 1202 1551 erit,
1234 1501 1277 1541 in
1308 1500 1568 1556 quadraturis
1602 1500 1758 1542 tardior

46 1587 172 1630 quam
193 1573 431 1628 superficies
450 1572 579 1629 globi,
601 1580 642 1614 et
665 1572 723 1613 sic
741 1572 842 1614 fluet
861 1572 904 1613 in
935 1572 1052 1614 alveo
1078 1573 1304 1628 refluetque
1335 1572 1388 1614 ad
1418 1572 1590 1614 modum
1619 1573 1756 1614 maris.

51 1647 190 1702 Aqua,
212 1644 463 1687 revolvendo
481 1644 590 1686 circa
607 1643 722 1701 globi
742 1653 929 1687 centrum
949 1645 1176 1701 quiescens,
1208 1646 1243 1686 si
1272 1645 1440 1687 tollatur
1459 1646 1647 1687 attractio
1667 1659 1758 1686 cor-

44 1718 159 1774 poris
181 1718 225 1768 S,
246 1717 411 1760 nullum
430 1717 615 1773 acquiret
632 1725 791 1758 motum
810 1717 948 1758 fluxus
968 1725 1011 1759 et
1028 1718 1225 1759 refluxus.
1286 1717 1330 1773 (¹)
1364 1718 1448 1760 Par
1467 1725 1530 1759 est
1548 1718 1653 1759 ratio
1667 1718 1758 1774 glo-

45 1790 90 1849 bi
111 1789 370 1832 uniformiter
387 1788 690 1846 progredientis
710 1788 754 1828 in
773 1787 991 1838 directum,
1022 1796 1065 1829 et
1092 1788 1251 1830 interea
1269 1788 1514 1830 revolventis
1535 1789 1644 1830 circa
1663 1802 1758 1830 cen-

44 1870 155 1905 trum
175 1877 295 1904 suum
325 1865 418 1918 (per
436 1861 577 1918 legum
598 1860 737 1902 Corol.
760 1861 818 1913 5.)
849 1868 896 1902 ut
916 1867 958 1902 et
985 1859 1100 1917 globi
1125 1860 1178 1901 de
1204 1874 1328 1901 cursu
1357 1860 1572 1902 rectilineo
1599 1860 1758 1902 unifor-

46 1934 168 1975 miter
188 1933 321 1983 tracti,
359 1935 452 1987 (per
471 1931 612 1988 legum
635 1930 775 1972 Corol.
797 1931 856 1983 6.)
893 1931 1080 1973 Accedat
1100 1939 1237 1973 autem
1258 1946 1409 1987 corpus
1431 1932 1475 1984 S,
1497 1940 1538 1974 et
1557 1932 1610 1974 ab
1628 1932 1757 1986 insius

43 1990 287 2060 inaequabili
306 2001 550 2043 attractione
569 2015 670 2042 mox
688 2000 920 2042 turbabitur
939 2016 1058 2057 aqua.
1118 2001 1285 2043 Etenim
1304 2003 1436 2057 major
1464 2003 1542 2044 erit
1570 2003 1759 2044 attractio

44 2087 164 2129 aquae
183 2071 403 2127 propioris,
424 2070 561 2111 minor
580 2085 630 2114 ea
648 2069 892 2111 remotioris.
944 2070 1006 2125 (¹¹¹)
1038 2070 1114 2112 Vis
1144 2078 1281 2112 autem
1301 2071 1341 2112 L
1362 2071 1415 2112 M
1444 2071 1582 2113 trahet
1607 2086 1757 2127 aquam

44 2144 240 2186 deorsum
259 2143 303 2184 in
322 2141 597 2198 quadraturis,
618 2140 820 2197 facietque
839 2141 971 2196 ipsam
992 2141 1243 2184 descendere
1258 2156 1388 2196 usque
1404 2142 1457 2183 ad
1472 2144 1684 2200 syzygias3
1715 2151 1758 2199 et

43 2229 104 2256 vrs
127 2214 170 2256 K
190 2214 230 2255 L
249 2212 386 2254 trahet
404 2211 579 2254 eandem
598 2226 761 2252 sursum
790 2211 834 2251 in
864 2211 1054 2267 syzygiiS‚
1091 2211 1287 2266 sistetque
1316 2211 1560 2253 descensum
1594 2214 1681 2267 ejus
1716 2221 1758 2254 et

44 2282 170 2326 faciet
189 2284 323 2339 ipsam
343 2281 566 2324 ascendere
585 2296 716 2337 usque
735 2281 788 2322 ad
808 2281 1101 2337 quadraturas:
1132 2281 1212 2322 nisi
1231 2280 1431 2336 quatenus
1450 2291 1586 2324 motus
1600 2283 1758 2324 fluendi

47 2363 90 2398 et
109 2353 313 2397 refluendi
331 2353 386 2395 ab
407 2352 524 2394 alveo
544 2366 664 2408 aquae
683 2351 897 2408 dirigatur,
920 2360 962 2394 et
979 2366 1055 2407 per
1082 2351 1314 2393 frictionem
1342 2352 1599 2409 aliquatenus
1628 2363 1756 2396 retar-

46 2426 179 2468 detur.
509 2471 513 2476 ἡ

106 2496 235 2538 Corol.
273 2500 346 2540 20.
373 2494 421 2537 Si
441 2495 617 2536 annulus
638 2496 726 2550 jam
753 2494 896 2552 rigeat,
922 2502 965 2536 et
990 2493 1199 2536 minuatur
1225 2495 1387 2552 globus,
1414 2495 1590 2537 cessabit
1617 2503 1753 2538 motus

182 2595 194 2612 Ω

32 2637 35 2639 ’
90 2625 132 2698 ς)
155 2627 173 2646 ⁶
193 2627 238 2657 Ee
253 2625 317 2656 azeis
330 2624 396 2664 q‘us
410 2634 466 2655 seu
485 2629 569 2654 recta
589 2633 644 2662 per
664 2628 805 2654 centrum
826 2633 881 2653 an-
923 2632 998 2652 nem
1011 2621 1149 2658 absolvit,
1165 2620 1268 2652 media
1282 2621 1339 2653 erit
1352 2621 1432 2652 inter
1453 2622 1620 2652 maximam
1643 2622 1755 2654 veloci-

46 2679 91 2699 nu
106 2668 115 2675 '
144 2667 239 2698 ducta
265 2667 306 2698 ad
331 2666 460 2706 planum
487 2666 555 2706 ejus
577 2665 880 2704 perpendiculariter,
923 2670 1019 2695 tatem
1032 2663 1120 2695 fluidi
1133 2663 1165 2693 in
1180 2664 1311 2705 syzygiis
1331 2670 1362 2695 et
1383 2664 1544 2695 minimam
1567 2664 1601 2694 in
1623 2665 1755 2705 quadra·

47 2720 119 2741 cum
133 2709 227 2749 plano
239 2709 294 2739 illo
307 2710 434 2749 singulis
447 2709 679 2739 rewlutionibus
689 2709 879 2744 osculabitur,
923 2707 1010 2737 turis.

47 2754 106 2783 hoc
121 2758 176 2788 est,
191 2750 232 2781 ad
244 2750 372 2790 planum
387 2751 417 2780 E
435 2751 457 2781 S
474 2750 503 2781 T
523 2750 623 2790 magis
643 2755 676 2779 et
701 2749 807 2779 minus
826 2759 883 2788 per
970 2748 1010 2790 (¹)
1034 2750 1052 2768 ὓ
1077 2751 1143 2781 Par
1156 2754 1199 2779 ed
1212 2749 1299 2786 meio,
1315 2749 1373 2779 διο.
1419 2748 1460 2780 Id
1481 2755 1536 2784 est,
1559 2748 1684 2779 exclusa
1703 2760 1754 2780 ac-

46 2795 129 2825 vices
151 2793 348 2823 inclinabitur
373 2793 463 2834 (Cor.
491 2792 558 2831 10.)
585 2793 797 2831 completaque,
822 2792 878 2821 &a
926 2790 1010 2821 tione
1038 2790 1172 2829 corporis
1199 2790 1222 2821 S
1246 2801 1326 2830 aqua
1349 2790 1545 2821 uniformiter
1571 2791 1753 2822 revolvendo

48 2842 150 2866 totum
165 2834 236 2865 vero
254 2834 458 2866 corollarium
472 2840 556 2874 patet
570 2843 608 2864 ex
627 2833 729 2864 Corol.
745 2837 775 2864 5.
785 2835 814 2864 5.
833 2836 882 2864 10.
925 2833 1043 2863 circum
1057 2838 1197 2863 centrum
1218 2832 1302 2872 globi
1327 2832 1376 2862 vel
1400 2833 1596 2863 uniformiter
1619 2834 1695 2863 moti
1719 2834 1752 2864 in

52 2882 98 2909 11.
119 2881 168 2908 13.
925 2875 1077 2905 directum
1090 2874 1139 2904 vel
1153 2875 1193 2904 de
1206 2884 1299 2904 cursu
1320 2874 1479 2904 rectilineo
1501 2885 1557 2914 per
1580 2875 1675 2906 lineas
1698 2887 1753 2915 pa-

92 2919 139 2962 (¹²)
165 2921 182 2938 '¹
206 2920 249 2950 In
263 2920 390 2959 syzygiis
403 2920 525 2950 velocior
538 2920 603 2956 erit,
620 2919 687 2948 &cs
725 2917 787 2948 Per
805 2917 876 2948 Cor.
924 2916 1045 2946 rallelns
1059 2916 1253 2947 uniformiter
1266 2916 1364 2953 tracti,
1380 2916 1504 2946 nullum
1525 2917 1662 2957 acquiret
1684 2928 1751 2949 mo·

52 2966 100 2993 18.
119 2967 150 2992 et
165 2965 195 2991 3.
241 2961 324 2990 Nam
339 2960 481 2991 velocitas
502 2961 665 2991 uniformis
687 2959 748 3000 quii
771 2959 882 2999 globus
925 2965 994 2988 tum
1008 2958 1112 2989 fluxus
1125 2965 1156 2988 et
1169 2957 1316 2995 refluxus,
1331 2961 1577 2995 accedat‘nutem,
1594 2961 1649 2990 &c-

50 3004 129 3035 eima
145 3013 233 3034 axem
248 3012 340 3032 suum
355 3002 520 3033 revolvitur
534 3003 642 3033 eodem
665 3009 803 3040 tempore
827 3012 883 3039 pc-
970 3000 1023 3041 (m)
1049 3003 1064 3019 ²
1090 3004 1160 3032 514.
1190 3002 1238 3031 Vis
1251 3007 1354 3031 autem
1376 3002 1406 3031 L
1422 3003 1470 3038 M,
1485 3001 1541 3031 ἃς.
1586 3002 1676 3033 Patet
1698 3013 1752 3042 per

50 3046 166 3077 riodico
179 3056 242 3086 quo
256 3054 325 3084 pars
339 3044 482 3084 quaelibet
497 3043 583 3074 fluidi
606 3055 693 3074 suam
716 3043 881 3074 revolutio·
930 3043 1032 3073 Corol.
1047 3045 1074 3073 5.
1091 3043 1210 3072 Verum
1222 3049 1257 3073 ut
1267 3049 1368 3074 totum
1376 3043 1434 3074 hoc
1443 3043 1646 3075 Coronat-ium
1659 3045 1750 3078 19¹'''‘.
