2086 3542
225 258 251 293 6
651 242 1103 290 PHILOSOPHIAE
1125 245 1484 288 NATURALIS

1691 245 1925 297 [Dnrrrn‘r.

225 366 320 416 vim,
343 365 422 422 quii
443 379 593 420 corpus
613 365 656 406 in
677 365 774 406 dato
795 365 937 420 quovis
958 365 1058 406 orbe
1079 364 1173 406 datfi
1195 379 1288 405 cum
1309 365 1522 406 velocitate
1542 365 1729 407 accurate
1760 365 1928 407 retineri

223 439 385 494 possit;
409 447 453 479 et
473 438 652 479 vicissim
681 437 866 478 invenire
901 438 1007 478 viam
1040 436 1318 487 curvilineam‚
1352 437 1395 477 in
1430 452 1553 492 quam
1585 452 1735 492 corpus
1770 452 1794 478 e
1827 437 1932 478 dato
1958 461 1961 464 ·

224 510 367 567 quovis
380 509 479 553 ,loco
499 508 594 550 data
616 523 710 549 cum
730 508 944 549 velocitate
965 523 1170 564 egressum
1192 524 1215 549 a
1236 507 1331 549 dats
1358 508 1398 548 vi
1426 508 1625 550 flectatur.
1685 509 1762 557 Est
1790 516 1928 550 autem

225 583 284 625 vis
305 582 426 638 hujus
447 582 686 636 centripetae
707 581 913 637 quantitas
942 580 1066 621 trium
1095 594 1307 636 generum,
1341 580 1541 632 absoluta,
1578 580 1856 631 accelerafflx,
1887 588 1930 621 et

225 656 390 698 mouiX.

822 751 1150 795 DEFINITIO
1181 752 1258 794 vi.
1291 752 1342 807 (ε)

233 857 303 900 Vis
322 857 551 910 centripetae
572 856 776 910 quantitas
795 854 974 895 absoluta
997 860 1053 895 est
1071 868 1251 894 mensura
1272 852 1438 907 ejusdem
1467 853 1594 908 major
1622 856 1683 895 vel
1710 855 1840 903 minor
1850 869 1935 910 pro

343 930 520 986 ffcacia
539 942 668 969 causoe
686 942 771 968 eam
779 969 781 971 ,
783 928 1055 982 propagantis
1075 941 1102 966 a
1121 932 1254 967 centro
1267 940 1346 979 per
1363 926 1542 980 regiones
1563 926 1606 966 in
1625 927 1802 972 circuitu.

288 1030 350 1072 Ut
369 1029 428 1071 vis
452 1028 680 1085 magnetica
698 1042 775 1082 pro
794 1027 906 1068 mole
923 1027 1125 1083 magnetis
1140 1026 1205 1068 vel
1224 1025 1456 1067 intensione
1468 1025 1628 1067 virtutis
1642 1026 1775 1081 major
1790 1026 1835 1067 in
1849 1041 1934 1068 uno

228 1109 432 1160 magnete,
454 1102 590 1142 minor
610 1101 653 1141 in
673 1099 766 1142 alio.

816 1214 1146 1261 DEFINITIO
1179 1214 1279 1257 VII.
1303 1213 1354 1270 (¹²)

237 1317 278 1359 V
273 1318 307 1359 is
325 1317 555 1370 centripetae
572 1316 778 1370 quantitas
799 1313 1062 1356 acceleratrix
1093 1320 1150 1355 est
1180 1315 1303 1367 ipsius
1328 1328 1509 1355 mensura
1541 1315 1742 1356 velocitati
1764 1327 1939 1368 propor-

702 1387 879 1436 tionalis,
903 1400 1019 1440 quam
1042 1387 1139 1426 dato
1159 1391 1331 1438 tempore
1344 1391 1524 1439 generat.

291 1485 367 1527 Uti
387 1484 516 1526 virtus
537 1482 742 1539 magnetis
763 1483 946 1538 ejusdem
966 1484 1098 1538 major
1118 1482 1162 1523 in
1199 1482 1350 1523 minori
1380 1482 1587 1532 distantia,
1619 1482 1755 1524 minor
1781 1483 1825 1524 in
1855 1496 1943 1524 ma-

227 1557 335 1613 jori:
366 1556 432 1598 vel
452 1556 512 1597 vis
532 1555 740 1612 gravitans
761 1555 893 1609 major
924 1555 967 1595 in
995 1554 1181 1605 vallibus,
1212 1554 1348 1595 minor
1378 1554 1422 1594 in
1457 1554 1735 1595 cacuminibus
1766 1553 1944 1596 altorum

233 1629 449 1678 montium,
472 1636 594 1683 atque
614 1626 750 1667 adhuc
770 1627 908 1666 minor
931 1629 996 1680 (ut
1015 1625 1189 1680 posthac
1207 1625 1381 1680 patebit)
1412 1625 1455 1665 in
1484 1625 1708 1680 majoribus
1741 1625 1944 1667 distantiis

235 1718 260 1743 a
278 1701 404 1759 globo
424 1709 572 1750 terrae3
603 1700 645 1740 in
667 1698 894 1754 aequalibus
922 1706 1059 1739 autem
1089 1697 1293 1739 distantiis
1324 1696 1466 1738 eadem
1498 1696 1694 1752 undique,
1725 1705 1946 1752 propterea

235 1810 386 1850 attingat3
409 1808 521 1839 deinde
535 1807 615 1839 circis
636 1818 704 1839 eam
725 1808 906 1846 revolvatur,
929 1808 1070 1839 tandem-

237 1852 345 1892 quein
365 1851 522 1882 infinitum
547 1852 642 1882 abeat.
693 1851 738 1881 Ut
763 1850 857 1890 igitur
882 1861 994 1890 corpus
1016 1861 1072 1890 per

238 1901 352 1925 rectam
369 1894 399 1924 E
418 1894 455 1930 F,
472 1893 543 1923 (latii
565 1893 724 1923 velocitate
743 1893 921 1933 projectum,
946 1903 1069 1924 curvam

239 1936 342 1967 datam
360 1936 389 1966 E
408 1936 442 1972 Q
460 1935 618 1972 describat,
642 1942 725 1966 certa
747 1945 783 1965 ac
807 1935 1008 1966 determinata
1029 1935 1072 1965 vis

240 1979 407 2018 centripeta
428 1977 614 2018 requiritur;
638 1984 667 2008 et
690 1977 841 2008 viceversaei
865 1977 936 2008 data
961 1977 1072 2008 veloci-

241 2027 303 2052 tate
318 2020 489 2052 secundum
504 2026 618 2050 rectam
635 2020 665 2050 Ε
681 2030 699 2050 e
713 2030 767 2050 seu
785 2020 815 2050 E
834 2019 870 2054 F,
896 2026 927 2050 et
950 2020 980 2050 vi
1003 2030 1076 2050 cen-

241 2062 351 2102 tripete
379 2063 472 2093 etiam
502 2061 582 2097 data,
618 2072 730 2101 corpus
757 2062 881 2092 nonnisi
903 2068 1018 2092 certam
1041 2073 1077 2093 ac

242 2106 476 2139 determinatam
497 2115 623 2135 curvam
651 2105 681 2135 E
708 2105 741 2140 Q
763 2110 862 2143 potest
887 2104 1076 2142 describere;

247 2147 585 2179 etmathematicorum
607 2153 653 2177 est
676 2157 713 2177 ex
739 2147 817 2177 datis
841 2147 999 2177 velocitate
1023 2157 1079 2186 per

244 2197 421 2231 tangentem
439 2190 468 2220 E
487 2190 514 2220 F
529 2195 560 2220 et
573 2189 665 2220 curva
681 2189 711 2220 E
731 2190 764 2225 Q
775 2199 868 2230 quarn
883 2199 994 2228 corpus
1009 2189 1077 2219 des-

245 2233 343 2267 cribit.
359 2232 495 2263 invenire
509 2232 570 2263 vim
593 2231 801 2271 centripetam‚
824 2230 886 2271 qua
900 2242 919 2262 a
931 2237 1077 2272 tangente

246 2275 410 2305 retrahitur
425 2280 454 2305 et
468 2274 502 2304 in
515 2273 615 2305 orbita
628 2274 684 2304 sus
698 2274 855 2311 retinetur,
880 2279 911 2303 et
927 2273 1080 2313 reciproce
1097 2278 1109 2293 ·‘

247 2328 284 2348 ex
301 2317 372 2350 datii
385 2316 545 2347 velocitate
558 2326 613 2356 per
621 2322 800 2357 tangentem
809 2323 841 2347 et
855 2315 885 2346 vi
899 2316 1077 2355 cenfflpeffi,

248 2369 372 2389 curvam
387 2359 544 2396 invenire;
567 2369 637 2410 quae
651 2358 716 2389 duo
738 2359 911 2389 Newtonus
931 2358 1010 2388 miri
1031 2369 1078 2389 sa-

248 2402 379 2443 gacitate
393 2407 424 2432 et
438 2401 589 2441 elegantia
603 2401 740 2440 perfecit.

291 2444 336 2485 (⁸)
363 2447 410 2474 12.
437 2444 479 2474 ln
494 2449 598 2473 centro
615 2443 645 2475 T
659 2443 787 2474 existere
801 2449 992 2483 supponatur
1013 2453 1079 2475 cor-

247 2497 313 2526 pus,
324 2497 361 2516 ex
372 2496 433 2527 quo
441 2495 496 2526 per
504 2495 596 2516 omne
604 2486 737 2525 spatium
746 2486 938 2517 diffundatur
948 2487 1001 2523 vis,
1010 2496 1080 2527 quae

243 2532 333 2569 juxta
347 2528 544 2558 directionem
553 2527 709 2558 radiorum
723 2529 753 2558 A
766 2529 805 2565 T,
820 2529 850 2559 E
864 2529 901 2565 T,
915 2529 950 2559 Η
963 2529 1000 2563 Τ,
1013 2538 1079 2559 ver-

247 2571 298 2601 sus
308 2577 459 2609 centrum,
475 2576 530 2600 aut
540 2580 559 2600 a
569 2576 675 2600 centro
686 2570 790 2601 versus
801 2570 898 2609 spatia
907 2570 1079 2609 circumpo-

246 2614 312 2650 sita,
319 2612 408 2654 juxte
416 2613 613 2643 directionem
622 2611 789 2648 radiorum,
801 2613 831 2643 T
842 2613 883 2647 A,
896 2612 925 2642 T
938 2612 978 2647 E,
991 2613 1020 2643 Τ
1031 2612 1077 2647 H,

247 2663 341 2696 agat3
365 2656 398 2685 in
415 2654 461 2686 10.
480 2665 553 2685 casu
573 2654 619 2685 vis
638 2654 693 2685 illa
713 2654 889 2693 centripeta,
913 2653 945 2683 in
960 2653 1009 2684 20.
1034 2654 1080 2684 vis

249 2698 431 2738 centrifuga,
446 2697 480 2727 in
494 2703 626 2738 utroque
640 2696 686 2727 vis
701 2696 843 2727 centralis
857 2695 979 2726 dicitur.

294 2740 375 2770 Haec
390 2740 434 2769 vis
448 2740 480 2769 in
496 2745 600 2770 centro
614 2738 803 2769 considerata
817 2738 934 2777 duplici
954 2748 1081 2777 praeser-

251 2781 307 2812 tim
322 2781 438 2812 ratione
453 2781 567 2812 variare
582 2787 702 2821 potest3
729 2781 760 2811 Si
776 2780 859 2812 enim
875 2790 985 2819 corpus
998 2780 1082 2820 quod

250 2830 391 2854 centrum
406 2830 544 2862 occupat,
557 2830 588 2855 et
602 2823 654 2854 cui
668 2824 714 2854 vis
727 2823 817 2860 inest,
833 2822 866 2853 in
882 2833 939 2853 sua
953 2822 1082 2863 aequalia

249 2865 401 2896 elementa
415 2865 545 2895 divisum
558 2865 759 2907 intelligatur,
775 2871 807 2896 et
827 2865 872 2896 vis
893 2865 932 2895 sit
952 2865 1082 2905 singulis

249 2907 408 2938 elementis
423 2907 547 2947 aequalis
569 2908 767 2948 ejusdemque
787 2913 960 2938 constanter
980 2906 1081 2937 inten-

250 2949 364 2987 sionis3
388 2949 432 2979 vis
446 2949 540 2979 totius
554 2950 687 2989 corporis
700 2949 850 2987 centralis,
873 2959 928 2980 seu
948 2949 994 2979 vis
1008 2959 1079 2980 cen-

251 2992 337 3022 tralis
350 2991 504 3032 quantitas
517 2992 664 3028 absoluta,
688 2993 745 3023 erit
758 3002 866 3023 massae
879 3002 934 3022 seu
949 3001 1079 3022 summae

252 3035 474 3064 elementorum
504 3035 745 3072 proportionalis.
808 3035 855 3070 At
882 3034 908 3064 si
935 3040 1079 3064 manente

252 3076 361 3107 endem
376 3074 509 3114 corporis
523 3075 663 3106 centralis
677 3076 785 3114 massa,
810 3075 855 3107 vis
875 3086 994 3116 semper
1014 3086 1080 3107 ma-

253 3128 331 3150 nens
359 3116 485 3158 aequalis
511 3116 545 3147 in
574 3118 706 3157 singulis
730 3118 890 3150 elementis
913 3118 1083 3159 equalibus

251 3159 401 3192 intensive·
415 3167 528 3192 crescat
543 3159 591 3191 vel
617 3159 779 3199 decrescat,
803 3161 848 3192 vis
870 3167 935 3192 tota
950 3161 1083 3201 corporis

1113 1808 1254 1839 centralis
1269 1819 1323 1839 seu
1338 1808 1382 1838 vis
1396 1809 1538 1839 centralis
1551 1809 1704 1849 quantitas
1718 1811 1867 1848 absoluta,
1889 1810 1950 1842 erit

1113 1851 1349 1891 proportionalis
1362 1852 1527 1882 intensioni
1542 1852 1588 1882 vis
1601 1852 1633 1891 in
1649 1852 1779 1892 singulis
1786 1853 1948 1884 elementis

1113 1894 1291 1931 existentis3
1314 1903 1409 1934 quare
1423 1893 1610 1924 variantibus
1623 1894 1723 1924 massa
1737 1902 1768 1926 et
1788 1895 1819 1926 vi
1840 1895 1948 1937 singu-

1116 1936 1217 1966 lorum
1233 1936 1466 1971 elementorum,
1489 1936 1535 1966 vis
1555 1936 1698 1967 centralis
1718 1938 1873 1978 quantitas
1893 1939 1948 1968 ab·

1116 1978 1216 2009 soluta
1230 1978 1287 2008 erit
1296 1978 1330 2008 in
1344 1979 1460 2009 ratione
1479 1979 1647 2018 composita
1666 1989 1781 2010 massae-
1796 1986 1827 2011 et
1846 1979 1949 2011 inten-

1118 2020 1211 2050 sionis
1225 2021 1270 2051 vis
1284 2021 1316 2051 in
1332 2020 1462 2061 singulis
1475 2021 1633 2051 elementis
1647 2022 1825 2062 aequalibus.

1162 2063 1211 2104 (¹²)
1230 2066 1278 2094 18.
1300 2063 1333 2093 Si
1347 2063 1392 2093 vis
1405 2063 1548 2093 centralis
1558 2073 1624 2093 non
1639 2063 1772 2103 amplius
1786 2064 1819 2094 in
1832 2069 1948 2104 centn,

1119 2105 1173 2135 sed
1185 2105 1216 2135 in
1228 2104 1423 2145 quacumque
1434 2115 1452 2135 a
1463 2112 1568 2136 centro
1579 2105 1721 2136 distantia
1731 2105 1948 2145 consider-eun.

1120 2157 1285 2186 possumus
1299 2148 1332 2177 in
1347 2147 1438 2177 variis
1451 2148 1513 2177 illis
1526 2158 1546 2178 a
1559 2155 1665 2178 centro
1679 2148 1831 2179 distantiis
1843 2159 1950 2189 super·

1121 2189 1204 2220 ficies
1219 2190 1380 2228 sphaericas
1404 2189 1522 2230 fingere
1536 2199 1667 2229 quarum
1692 2200 1858 2221 commune
1875 2201 1950 2222 oen·-

1119 2237 1201 2262 trum
1216 2232 1255 2262 sit
1271 2232 1310 2269 T,
1326 2238 1356 2262 et
1370 2232 1414 2261 vis
1429 2232 1570 2262 centralis
1593 2232 1624 2262 in
1645 2232 1706 2264 illis
1725 2232 1950 2267 distantiis-seu

1121 2274 1341 2312 superficiebus
1369 2274 1524 2313 sphaericis
1551 2274 1747 2309 considerata,
1772 2275 1886 2306 dicitur
1906 2277 1952 2307 vis

1121 2316 1323 2347 acceleratrix.
1383 2316 1475 2347 Illius
1497 2325 1601 2347 autem
1625 2316 1778 2356 quantitas
1800 2317 1859 2348 erit
1881 2327 1951 2357 pm.

1120 2358 1300 2397 portionalis
1328 2358 1474 2389 celeritati
1496 2368 1589 2399 quam
1617 2358 1690 2389 dato
1713 2368 1768 2389 seu
1793 2366 1952 2392 consume

1121 2407 1258 2440 tempore
1272 2401 1305 2431 in
1319 2401 1448 2440 singulis
1468 2399 1603 2430 materiae
1624 2399 1784 2431 elementis
1805 2411 1826 2432 a
1845 2408 1953 2434 centro

1123 2443 1386 2483 aequidistantibus
1406 2442 1575 2481 producet3
1598 2452 1670 2472 nam
1692 2443 1717 2472 si
1740 2453 1952 2483 supponamus

1123 2485 1185 2515 vim
1199 2485 1284 2515 illam
1298 2490 1488 2515 constantem
1501 2484 1535 2514 in
1550 2484 1700 2515 elementa
1721 2485 1857 2517 materie
1877 2497 1953 2519 con.

1122 2526 1212 2558 tinne>
1226 2537 1325 2568 agere,
1341 2536 1378 2556 eo
1391 2527 1490 2567 major
1504 2527 1561 2558 erit
1575 2536 1638 2566 quo
1650 2528 1748 2568 major
1768 2529 1826 2558 erit
1840 2529 1953 2560 veloci-

1121 2575 1169 2600 tas
1182 2569 1254 2600 dau>
1268 2575 1404 2608 tempore
1419 2568 1533 2609 genita,
1548 2569 1592 2599 ita
1602 2575 1639 2600 ut
1653 2569 1829 2609 ixi-tempore
1839 2571 1951 2612 aequali

1121 2611 1220 2650 dupla
1232 2617 1397 2651 generetur
1411 2611 1563 2648 velocitas,
1579 2611 1675 2650 dupla
1694 2621 1817 2652 quoque
1841 2613 1880 2644 sit
1893 2614 1950 2652 vis,

1121 2663 1194 2684 cum
1215 2653 1358 2684 velocitas
1377 2653 1432 2684 illa
1451 2653 1491 2683 sit
1510 2653 1594 2683 illius
1614 2653 1659 2684 vis
1679 2654 1807 2685 effectus
1827 2655 1947 2695 plenus.

1126 2695 1159 2726 Si
1173 2701 1316 2726 constans
1335 2701 1458 2726 maneat
1483 2695 1620 2726 celeritas
1643 2706 1662 2726 a
1686 2697 1717 2726 vi
1741 2697 1954 2730 accelerctrice

1123 2738 1238 2778 genita,
1254 2738 1312 2768 erit
1325 2738 1372 2767 vis
1392 2737 1426 2768 in
1447 2738 1565 2768 ratione
1584 2738 1703 2769 inverso
1723 2739 1868 2779 temporis
1888 2751 1952 2781 quo

1124 2780 1263 2811 celeritas
1277 2780 1331 2810 illa
1344 2780 1532 2820 producitur,
1549 2790 1622 2811 nam
1636 2780 1662 2810 si
1684 2780 1792 2811 eadem
1813 2782 1954 2814 celeritas

1122 2828 1259 2861 tempore
1288 2822 1443 2861 subduplo
1470 2821 1665 2861 producatur,
1695 2823 1741 2853 vis
1763 2823 1947 2864 duplicatur.

1127 2865 1232 2902 Quare
1246 2865 1272 2895 si
1285 2871 1430 2895 manente
1444 2865 1473 2894 vi
1487 2870 1653 2900 constante,
1677 2865 1814 2896 celeritas
1828 2873 1860 2898 et
1873 2873 1951 2899 tem-

1123 2917 1182 2946 pus
1193 2907 1318 2944 varient,
1332 2906 1390 2937 erit
1399 2907 1444 2936 vis
1453 2906 1643 2937 acceleratrix
1656 2907 1689 2938 in
1699 2908 1818 2940 ratione
1827 2919 1954 2951 compo.

1121 2948 1179 2979 sitsi
1194 2959 1230 2979 ex
1241 2948 1356 2980 directa
1369 2948 1530 2980 celeritatis
1543 2949 1656 2990 gcnitae
1665 2956 1696 2981 et
1706 2951 1859 2990 reciproca
1872 2958 1951 2983 tem·

1119 2991 1211 3031 poris.
1239 2991 1271 3022 Si
1282 2991 1378 3031 igitur
1385 2991 1430 3021 vis
1438 2991 1630 3022 acceleram'x
1639 2992 1766 3028 dicamr,
1780 2994 1830 3031 G3
1846 2993 1952 3026 celen-

1120 3039 1167 3064 tas
1175 3033 1324 3073 producta
1336 3033 1382 3071 C;
1397 3039 1519 3072 tempus
1527 3043 1588 3074 quo
1597 3033 1787 3073 producitur,
1800 3035 1839 3073 T,
1850 3035 1908 3068 erit
1921 3037 1950 3068 G

1122 3076 1236 3107 ==C:
1258 3076 1297 3112 T,
1321 3075 1560 3113 etGT=c,
1583 3077 1787 3109 etT=c=
1809 3078 1850 3110 G.
1895 3078 1953 3111 Li-

1125 3123 1174 3148 cet
1187 3123 1291 3148 autem
1312 3117 1407 3148 variet
1427 3117 1473 3148 vis
1493 3117 1696 3156 accelerati-ix,
1719 3119 1826 3150 eadem
1849 3125 1952 3151 tamen

1125 3166 1170 3192 est
1191 3160 1274 3192 illius
1294 3169 1448 3197 mensura,
1474 3159 1567 3191 modo
1590 3160 1727 3192 celeritas
1751 3171 1879 3193 nascens
1898 3173 1953 3195 sen

1631 3237 1648 3246 ι-
