2086 3542
19 3060 32 3097 ᾖ

89 268 236 310 Lam
258 268 473 320 ramus]
534 267 854 310 PRINCIPIA
884 248 1376 314 MATHEMATICA.
1702 270 1785 308 355

145 385 340 437 quadrata
361 384 635 424 distantiarum
661 398 687 422 a
707 385 885 424 trahente
899 406 915 430 ,-
947 389 984 424 et
1001 396 1137 435 corpus
1155 383 1270 422 aliud
1289 383 1327 423 B
1347 382 1474 422 trahit
1501 382 1617 421 etiam
1647 388 1789 422 caetera

145 455 200 503 A,
225 454 274 504 C,
296 455 354 504 D,
375 455 448 495 &c.
479 454 625 494 viribus
644 468 731 508 quae
748 461 837 494 sunt
854 452 1048 507 reciproca
1065 459 1108 494 ut
1133 454 1331 507 quadrata
1352 453 1630 505 distantiarum
1648 467 1676 492 a
1704 459 1789 492 tra-

142 525 282 565 hente.-
313 530 425 565 erunt
457 525 642 565 absolutae
670 538 870 578 corporum
895 525 1131 565 trahentium
1161 524 1215 573 A,
1249 522 1287 564 B
1321 523 1422 564 vires
1454 524 1512 563 ad
1540 523 1715 573 invicem,
1746 529 1790 563 ut

141 602 231 636 sunt
249 596 336 649 ipsa
354 609 518 649 corpora
545 596 599 644 A,
623 595 674 646 B,
696 609 852 649 qaorum
872 601 961 636 sunt
978 597 1091 637 vires.

144 724 254 765 Nam
273 724 534 765 attractiones
560 723 862 765 acceleratrices
891 738 1113 778 corporum
1145 723 1333 765 omnium
1354 722 1405 775 B,
1430 723 1480 773 C,
1502 723 1547 765 D
1567 737 1709 765 versus
1733 725 1788 774 A,

84 796 251 851 paribus
270 795 486 846 distantiis,
510 795 588 836 sibi
606 795 781 835 invicem
802 802 1018 851 aequantur
1036 809 1090 835 ex
1109 794 1354 850 hypothesi;
1385 802 1427 836 et
1441 794 1627 836 similiter
1642 803 1792 835 attrac-

84 869 217 910 tiones
235 868 540 909 acceleratrices
560 881 781 921 corporum
801 866 985 907 omnium
1014 880 1156 907 versus
1186 865 1236 916 B,
1266 853 1450 921 paribus>
1467 865 1682 916 distantiis,
1715 866 1794 906 sibi

83 941 262 982 invicem
281 948 509 996 aequantur.
570 939 647 981 Est
665 947 803 980 autem
823 939 1011 980 absoluta
1029 939 1090 980 vis
1120 939 1333 980 attractiva
1362 938 1546 994 corporis
1567 939 1607 980 A
1628 939 1681 980 ad
1710 939 1793 980 vim

85 1012 312 1053 absolutam
333 1011 585 1052 attractivam
606 1010 790 1064 corporis
813 1010 864 1060 B,
898 1005 949 1064 (ἦ)
979 1018 1027 1051 ut
1055 1010 1243 1051 attractio
1272 1010 1540 1051 acceleratrix
1568 1024 1794 1065 corporum

86 1082 271 1123 omnium
292 1096 433 1122 versus
454 1082 493 1121 A
515 1081 568 1122 ad
588 1081 874 1122 attractionem
894 1080 1219 1122 acceleratricem
1241 1095 1463 1135 corporum
1490 1080 1676 1121 omnium
1701 1095 1795 1121 ver-

86 1168 154 1194 sus
177 1154 228 1203 B,
249 1153 418 1208 paribus
439 1151 640 1193 distantiis
652 1168 663 1201 ;
696 1151 738 1207 (¹)
761 1160 802 1193 et
833 1152 890 1192 ita
921 1159 984 1192 est
1016 1151 1206 1194 attractio
1239 1151 1506 1193 acceleratrix
1540 1151 1725 1206 corporis
1757 1151 1795 1192 B

84 1239 226 1266 versus
247 1225 301 1274 A,
324 1223 377 1264 ad
400 1223 686 1264 attractionem
716 1222 1043 1263 acceleratricem
1073 1223 1261 1277 corporis
1283 1223 1324 1264 A
1344 1236 1485 1264 versus
1508 1223 1559 1265 B.
1621 1222 1705 1264 Sed
1734 1231 1796 1264 at-

84 1295 232 1336 tractio
251 1293 518 1337 acceleratrix
547 1293 731 1348 corporis
753 1293 790 1335 Β
810 1308 952 1334 versus
974 1295 1015 1334 A
1036 1301 1096 1335 est
1130 1293 1184 1334 ad
1215 1293 1502 1334 attractionem
1530 1294 1794 1340 ,acceleratri-

88 1382 179 1409 cem
200 1367 384 1422 corporis
407 1367 447 1407 A
468 1380 609 1407 versus
631 1366 682 1416 B,
713 1373 760 1407 ut
787 1380 924 1406 massa
952 1365 1137 1421 corporis
1166 1366 1207 1407 A
1235 1365 1288 1406 ad
1315 1380 1492 1407 massam
1525 1367 1708 1420 corporis
1731 1366 1796 1415 B;

84 1447 307 1495 propterea
327 1438 440 1495 quod
459 1438 564 1479 vires
592 1439 799 1488 motrices‚
831 1452 926 1494 quae
962 1441 1053 1493 (per
1087 1437 1369 1479 definitionem
1402 1438 1637 1489 secundam,
1674 1439 1797 1494 septi-

83 1524 196 1551 mam
217 1518 260 1551 et
279 1509 482 1561 octavam)
514 1517 610 1550 sunt
628 1516 676 1550 ut
693 1509 800 1550 vires
823 1508 1126 1550 acceleratrices
1146 1516 1188 1549 et
1207 1523 1382 1563 corpora
1401 1517 1573 1550 attracta
1602 1510 1797 1565 conjunc-

85 1582 173 1632 tim,
196 1581 264 1622 hic
285 1588 382 1622 sunt
414 1583 505 1636 (per
524 1588 660 1622 motus
679 1580 814 1637 legem
834 1580 1014 1632 tertiam)
1048 1578 1097 1635 (¹¹)
1119 1578 1196 1621 sibi
1222 1579 1396 1620 invicem
1426 1579 1620 1636 aequaleS.
1682 1580 1798 1638 Ergo

84 1654 274 1695 absoluta
292 1654 353 1695 vis
374 1653 587 1695 attractiva
606 1652 789 1708 corporis
810 1653 851 1693 A
873 1660 934 1694 est
953 1651 1007 1693 ad
1036 1651 1266 1693 absolutam
1300 1652 1383 1692 vim
1416 1653 1672 1694 attractivam
1706 1668 1795 1694 cor-

83 1727 195 1781 poris
218 1727 269 1777 B,
291 1734 339 1767 ut
357 1741 493 1767 massa
512 1725 696 1780 corporis
718 1725 760 1766 A
779 1724 834 1765 ad
852 1739 1031 1765 massam
1051 1723 1234 1778 corporis
1256 1723 1304 1765 Β.
1367 1724 1422 1773 Q.
1444 1739 1478 1765 e.
1501 1723 1544 1766 d.

144 1800 272 1840 Corol.
299 1805 335 1840 l.
369 1799 486 1840 Hinc
507 1798 542 1840 si
562 1797 724 1855 singula
750 1796 980 1853 systematis
1010 1810 1186 1851 corpora
1206 1796 1260 1846 A,
1286 1796 1337 1846 Β,
1362 1795 1412 1846 C,
1434 1795 1492 1846 D,
1515 1797 1592 1840 διε.
1626 1798 1797 1839 seorsim

84 1878 264 1926 spectata
284 1870 449 1912 trahant
470 1878 620 1912 caetera
639 1869 778 1910 omnia
797 1869 952 1910 viribus
973 1867 1337 1918 acceleratricibus,
1361 1883 1453 1924 quae
1474 1878 1568 1911 sunt
1587 1870 1797 1925 reciproce

83 1951 131 1984 ut
151 1943 350 1999 quadrata
370 1942 655 1983 distantiarum
677 1956 702 1982 a
720 1939 934 1990 trahente3
965 1947 1087 1981 erunt
1106 1954 1324 1994 corporum
1347 1939 1511 1981 illorum
1531 1941 1716 1983 omnium
1737 1942 1796 1983 vi-

82 2031 150 2058 res
170 2016 371 2056 absolutae
392 2014 476 2056 ad
464 2014 639 2055 invicem
659 2020 706 2054 ut
726 2021 822 2053 sunt
841 2013 930 2066 ipsa
949 2027 1136 2066 corpora.

143 2087 270 2128 Corol.
294 2090 332 2126 2.
357 2084 518 2126 Eodem
538 2090 794 2140 argumento,
826 2082 860 2122 si
880 2082 1041 2138 singula
1062 2082 1292 2138 systematis
1313 2098 1487 2138 corpora
1507 2085 1561 2134 A,
1586 2085 1636 2136 Β,
1661 2086 1719 2136 Ο,
1734 2086 1792 2136 D,

83 2160 159 2201 διο.
190 2158 363 2199 seorsim
384 2163 565 2211 spectata
583 2154 750 2197 trahant
769 2161 918 2195 caetera
948 2154 1087 2194 omnia
1119 2154 1274 2195 viribus
1305 2155 1670 2208 acceleratricibus,
1702 2173 1796 2214 quae

85 2236 182 2278 sunt
202 2228 267 2286 vel
287 2226 512 2282 reciproce,
534 2225 600 2267 vel
620 2224 775 2266 directe
795 2225 838 2265 in
858 2224 1016 2265 ratione
1037 2224 1246 2281 dignitatis
1277 2226 1554 2282 cujuscunque
1582 2227 1794 2270 distantia-

84 2314 178 2340 rum
198 2315 223 2340 a
242 2298 444 2348 trahente,
467 2311 609 2352 quaeve
631 2295 856 2336 secundum
876 2295 1011 2352 legem
1032 2310 1319 2351 quamcunque
1339 2311 1600 2339 communem
1627 2313 1679 2339 ex
1709 2298 1794 2340 dis-

84 2369 223 2411 tantiis
245 2369 297 2410 ab
317 2382 568 2423 unoquoque
588 2366 776 2408 trahente
806 2365 1084 2416 definiuntur;
1115 2374 1273 2407 constat
1302 2367 1414 2422 quod
1449 2382 1671 2423 corporum
1699 2369 1791 2410 illo·-

82 2456 176 2482 rum
194 2440 301 2481 vires
331 2439 374 2494 (¹)
404 2438 606 2480 absolutae
626 2445 721 2478 sunt
739 2444 786 2478 ut
805 2451 991 2491 corpora.

143 2511 271 2554 Corol.
295 2516 334 2551 3.
367 2509 419 2551 In
440 2516 656 2565 systemate
677 2522 898 2563 corporum
933 2522 1110 2563 quorum
1144 2507 1250 2550 vires
1286 2508 1528 2560 decrescunt
1557 2510 1600 2551 in
1633 2512 1791 2554 ratione

127 2655 174 2696 (Β)
199 2657 216 2675 ⁸
246 2656 287 2686 Ut
301 2655 440 2686 attractio
462 2654 653 2685 accelerant-c
674 2663 831 2692 corporum
852 2663 916 2684 om·-
1001 2651 1050 2694 (¹‘)
1075 2654 1092 2672 ⁸
1116 2654 1175 2684 Sx‘ln‘
1188 2654 1315 2685 invicem
1328 2656 1467 2695 oequates.
1516 2651 1549 2686 Si
1558 2656 1639 2686 enim
1651 2658 1790 2689 attractio

83 2699 183 2734 nium,
199 2707 254 2727 seu
267 2703 304 2726 ut
317 2696 456 2727 attractio
470 2695 663 2727 accelerati-ix
674 2695 917 2735 uniuscujusque
958 2695 1151 2725 acceleratrix
1177 2696 1310 2734 corporis
1336 2697 1364 2727 B
1388 2707 1493 2728 versus
1519 2698 1550 2727 A
1573 2698 1692 2730 dicatur
1707 2701 1739 2730 V
1759 2707 1791 2731 et

84 2739 218 2778 corporis
231 2749 334 2768 versus
352 2739 392 2774 A,
409 2739 465 2769 διο.
510 2738 602 2769 Patet
615 2737 699 2767 euim
713 2736 797 2776 quod
821 2737 848 2766 si
871 2736 918 2766 vis
958 2737 1098 2767 attractio
1120 2737 1313 2767 acceieratrix
1338 2739 1472 2787 corporis
1490 2741 1519 2770 A
1542 2751 1646 2771 versus
1663 2743 1691 2772 B
1706 2743 1790 2773 dican

15 2786 18 2794 ²
84 2781 224 2812 absoluta
251 2780 347 2819 dupla
374 2780 423 2811 vel
451 2780 552 2820 tripla,
577 2781 633 2810 &a
662 2780 708 2814 sit,
738 2779 817 2809 actio
840 2788 918 2818 quo-
959 2786 1065 2816 turv;
1091 2779 1138 2809 vis
1151 2779 1262 2809 motrix
1276 2780 1310 2809 in
1326 2781 1366 2815 Β,
1382 2782 1439 2811 erit
1456 2783 1484 2812 B
1502 2786 1535 2818 Χ
1555 2783 1608 2820 V;
1630 2783 1664 2813 in
1680 2786 1709 2814 A
1731 2785 1790 2816 erit

21 2835 26 2838 ’
84 2833 146 2864 que
159 2822 376 2853 acceleratrix
366 2833 401 2853 m
415 2822 560 2853 distantia
573 2822 645 2853 data
659 2821 756 2861 dupla
767 2821 815 2851 vel
827 2820 920 2861 tripla
962 2822 993 2851 A
1011 2826 1044 2858 χ
1062 2832 1103 2858 v;
1126 2827 1156 2851 et
1177 2823 1245 2862 (per
1258 2822 1316 2862 leg.
1334 2822 1393 2853 Βε·ω
1394 2823 1423 2862 .)
1448 2824 1476 2854 Β
1495 2828 1528 2861 χ
1548 2806 1638 2854 ν’-
1592 2838 1638 2845 -
1656 2827 1687 2857 A
1703 2832 1738 2864 χ
1755 2838 1785 2858 v

84 2865 150 2896 erit.
959 2863 1052 2894 Unde
1069 2845 1122 2894 V:
1142 2874 1219 2892 v=
1237 2864 1292 2894 A.
1314 2865 1352 2894 Β.
1402 2865 1489 2905 Ergo
1502 2868 1646 2905 absolun,
1661 2870 1718 2900 ἃς,

129 2907 169 2950 (³)
194 2909 212 2927 ¹¹
236 2909 282 2939 Ee
295 2909 338 2938 ita
353 2913 395 2938 est
415 2909 553 2938 attractio
573 2907 763 2938 accelerati-iz:
787 2907 916 2946 corporis
1000 2905 1040 2947 (¹)
1066 2909 1083 2925 ⁸
1114 2908 1196 2936 Vires
1210 2908 1350 2937 absulutae
1369 2914 1442 2938 sunt
1467 2914 1503 2939 ut
1527 2920 1660 2948 cumom-
1707 2912 1788 2942 Om-

22 2950 26 2964 ³
85 2952 118 2981 B
130 2960 230 2981 versus
245 2952 286 2986 A,
309 2952 351 2980 ad
364 2951 574 2980 attractionem
595 2950 827 2980 acceleratricem
851 2959 914 2978 cor-
957 2947 1009 2977 nia
1022 2947 1104 2977 enim
1119 2947 1276 2978 ratiocinia
1290 2949 1398 2979 eadem
1411 2957 1539 2980 manent
1561 2950 1594 2980 in
1616 2953 1710 2994 hujus
1725 2955 1787 2985 Co.

19 2999 43 3042 {3⁵
79 2994 163 3033 poris
179 2994 208 3022 A
218 3002 320 3022 versus
334 2994 376 3027 B,
394 2992 434 3022 ob
449 2990 624 3022 distantiam
638 2991 719 3021 iuter
735 2991 764 3021 B
779 2995 811 3021 et
827 2991 869 3028 A,
885 2996 916 3020 et
957 2989 1070 3020 rollarii
1085 2990 1244 3029 hypothesi
1259 3000 1295 3020 ac
1309 2991 1343 3020 in
1357 2991 1615 3024 demonstratione
1635 3003 1667 3026 et
1686 2997 1783 3037 hypo-

86 3038 119 3065 A
132 3041 164 3065 et
181 3034 210 3064 B
226 3033 367 3064 eandem.
957 3031 1034 3062 thesi
1052 3031 1281 3071 propositionis.

917 3089 943 3118 Z
966 3091 986 3118 2
