2086 3542
168 228 321 273 Lmnn
341 230 559 283 pamas]
618 227 942 271 PRINCIPIA
972 194 1465 270 MATHEMATICA}
1823 230 1872 268 σι

166 340 370 388 constabit
387 360 443 388 ex
461 345 787 395 indivisibilibus,
804 351 948 386 contra
962 357 1086 400 quam
1100 342 1295 386 Euclides
1314 342 1368 383 de
1386 342 1878 394 incommensurabilibus,
1942 368 1945 373 ν

163 417 210 459 in
241 417 348 459 libro
369 415 534 458 decimo
553 416 862 467 elementorum,
892 413 1197 457 demonstravit.
1255 413 1415 455 Verum
1445 412 1537 454 haec
1565 413 1740 469 objectio
1770 414 1880 456 falsae

163 489 352 529 innititur
383 486 615 544 hypothesi.
675 487 847 530 Ultimae
877 487 1055 528 rationes
1083 485 1166 527 fflae
1185 485 1428 542 quibuscum
1448 484 1693 541 quantitates
1713 500 1879 528 evanes-

164 565 276 610 cunt,
310 573 453 600 revera
483 570 570 600 non
602 565 698 599 sunt
729 558 908 599 rationes
939 557 1212 615 quantitatum
1241 557 1313 612 (¹)
1342 557 1594 608 ultimarum,
1627 556 1700 598 sed
1730 557 1878 599 limites

161 629 217 672 ad
247 644 350 686 quos
381 629 654 686 quantitatum
673 628 760 671 sine
788 629 917 672 limite
936 629 1259 671 decrescentium
1277 627 1456 671 rationes
1475 643 1636 684 semper
1655 628 1879 684 appropin-

163 707 291 759 quant
295 715 308 751 3
339 707 381 742 et
408 695 514 757 'quas
545 701 716 756 propius
747 700 905 757 assequi
922 708 1099 757 possunt
1115 699 1242 758 quam
1259 714 1339 755 pro
1357 698 1453 741 data
1473 699 1615 756 quavis
1635 693 1880 750 differentia,

161 776 374 828 nunquam
406 770 505 813 vero
535 771 778 829 transgredi,
809 786 943 829 neque
971 770 1086 828 prinis
1115 771 1318 829 attingere
1348 769 1474 828 quam
1493 771 1738 828 quantitates
1758 770 1880 811 dimi-

162 829 348 884 nuuntur
380 842 425 883 in
458 842 679 888 infinitum.
739 842 825 885 Res
857 841 1004 885 clarius
1034 841 1288 900 intelligetur
1315 842 1360 884 in
1398 841 1559 883 infinite
1596 841 1771 899 magnis„
1833 841 1878 883 Si

163 913 408 970 quantitates
437 912 544 965 duae,
575 928 752 970 quarum
784 913 881 955 data
899 921 960 957 est
988 913 1231 965 differentia,
1253 920 1481 971 augeantur
1499 913 1543 955 in
1563 912 1783 964 infinitum,
1806 912 1880 956 da-

162 984 276 1027 bitur
307 984 457 1027 harum
487 984 632 1027 ultima
657 985 776 1036 ratio,
806 984 1002 1027 minirum
1020 986 1127 1028 ratio
1145 985 1404 1042 aequalitatis,
1434 996 1516 1027 nec
1530 995 1671 1027 tamen
1690 981 1786 1025 ideo
1804 982 1879 1024 da-

163 1056 319 1098 buntur
333 1055 578 1112 quantitates
593 1055 750 1099 ultimae
762 1072 836 1099 seu
847 1057 1040 1099 maximae
1055 1072 1232 1114 quarum
1246 1057 1325 1099 ista
1339 1065 1402 1099 est
1416 1056 1536 1099 ratio.
1596 1056 1648 1099 In
1669 1053 1877 1111 sequenti-

164 1127 243 1169 bus
268 1127 407 1184 igitur,
441 1127 476 1169 si
495 1127 662 1184 quando
680 1127 790 1169 facili
809 1143 947 1170 rerum
969 1129 1188 1184 conceptui
1208 1128 1440 1180 consulens,
1462 1127 1609 1169 dixero
1629 1125 1877 1183 quantitates

163 1195 289 1255 quam
316 1198 520 1250 minimas,
550 1198 616 1240 vel
644 1207 945 1250 evanescentes,
975 1199 1042 1242 vel
1061 1199 1243 1250 ultimas3
1276 1214 1376 1241 cave
1395 1199 1600 1256 intelligas
1630 1197 1877 1254 quantitates

163 1269 446 1328 magnitudine
484 1268 790 1321 determinatim,
833 1270 907 1313 sed
939 1271 1075 1329 cogita
1103 1285 1268 1326 semper
1296 1269 1586 1312 diminuendas
1616 1268 1705 1311 sine
1731 1267 1876 1311 limite.

172 2197 208 2227 in
221 2193 345 2236 punctis
359 2193 399 2230 C,
420 2198 453 2224 et
465 2202 493 2229 c,
508 2184 589 2224 nd'eo
602 2198 639 2223 ut
653 2192 729 2224 dum
742 2200 898 2233 punctum
910 2206 937 2233 c,
948 2205 1002 2227 eo.

173 2238 283 2270 incidit
297 2239 502 2276 cunfpuncto
519 2236 556 2271 C,
572 2235 674 2266 omnis
683 2235 852 2268 velocitatis
862 2249 918 2279 per
931 2239 961 2270 E
973 2248 1000 2275 c,

173 2281 300 2313 variatio
313 2279 441 2319 expiret.
484 2279 591 2314 Quare
621 2278 726 2320 (Lem.
747 2279 796 2319 Ι.)
826 2281 1004 2312 velocitates

173 2325 288 2366 quibus
316 2321 482 2353 fluentium
510 2321 701 2351 incrementa
728 2322 839 2352 eodem
865 2329 1004 2364 tempore

135 2398 138 2404 ,
173 2368 280 2410 genita
292 2363 394 2406 primo
402 2369 581 2401 nascuntur,
594 2369 668 2394 sunt
675 2363 854 2396 uniformes.
883 2366 926 2402 Q„
936 2377 963 2397 e.
973 2366 1003 2398 d.

219 2413 289 2441 146.
311 2409 395 2440 Cum
405 2406 480 2449 ergo
493 2406 668 2437 velocitates
682 2407 852 2438 uniformes
866 2408 928 2438 sint
936 2419 1005 2448 spa-

175 2453 227 2484 tiis
241 2452 350 2482 eodem
370 2457 511 2490 tempore
534 2449 749 2489 percurrendis
763 2451 1006 2490 proportionales

177 2491 237 2537 (5),
252 2494 451 2525 manifestum
473 2498 520 2523 eet
539 2492 691 2523 fluxiones
714 2492 806 2534 (143)
829 2503 895 2523 esse
909 2494 943 2524 in
957 2504 1007 2524 ra·

174 2539 259 2569 tione
272 2537 534 2567 incrementorum
548 2534 658 2565 eodem
666 2541 804 2575 tempore
815 2537 1004 2576 genitorum,

175 2581 253 2611 dum
274 2578 375 2620 primo
396 2583 566 2608 nascuntur
579 2577 628 2607 vel
655 2577 770 2609 ultimo
784 2580 984 2615 {evanescunt
995 2591 1005 2617 3

176 2621 317 2663 adeoque
330 2627 367 2652 ut
381 2620 556 2651 fluxionum
570 2620 678 2651 relatio
691 2621 876 2658 inveniatur,
901 2632 1005 2653 sume-

176 2675 212 2696 re
225 2669 345 2705 oportet
358 2665 549 2694 incrementa
563 2662 730 2694 fluentium
744 2663 854 2694 eodem
866 2671 1006 2704 tempore

178 2709 292 2749 genita,
301 2713 333 2738 et
342 2707 475 2746 primam
485 2715 595 2736 eorum
605 2706 867 2737 incrementorum
878 2717 1007 2738 nascen-

175 2751 265 2788 tium,
275 2750 323 2780 vel
334 2749 474 2780 ultimam
487 2748 732 2780 evanescentium
744 2748 895 2781 rationem
908 2750 1008 2781 consi-

177 2793 282 2825 derare
294 2798 442 2832 tanquam
455 2791 635 2822 relationem
655 2791 839 2825 fluxionum.

225 2839 293 2867 147.
314 2834 402 2866 Hinc
413 2843 534 2866 summa
541 2833 714 2865 fluxionum
729 2840 775 2865 est
788 2840 824 2865 ut
831 2846 954 2866 summa
962 2836 1010 2866 in-

179 2882 402 2909 crementorum
411 2877 656 2908 nascentiumvel
665 2878 919 2916 evanescentium,
927 2889 1012 2909 sum-

180 2931 234 2951 ma
245 2918 317 2951 vero
330 2919 588 2950 incrementorum
602 2920 741 2950 omnium
756 2921 950 2952 nascentium
963 2926 1010 2952 est

181 2963 247 3002 ipsa
260 2962 413 3001 quantitas
425 2961 540 2999 fluens;
556 2971 629 2991 narn
644 2962 670 2992 si
684 2968 748 2993 tota
762 2966 832 2993 area
849 2964 879 2993 A
895 2974 912 2994 c
926 2965 947 2994 b
961 2964 1009 2994 di-

182 3006 246 3035 visa
255 3003 444 3044 intelligatur
456 3003 489 3034 in
502 3003 789 3045 parallelogramma
802 3012 838 3036 ut
854 3006 883 3036 B
901 3006 942 3043 E,
958 3017 1010 3036 eo-

183 3057 316 3087 rumque
344 3051 493 3077 numeru‘s
528 3053 679 3087 augeatur
713 3054 746 3077 et
780 3048 913 3079 latitudo
944 3049 972 3079 B
988 3050 1009 3079 b

183 3091 343 3121 minuatur
376 3088 411 3118 in
445 3087 611 3124 infinitum,
648 3100 770 3120 summa
796 3090 940 3120 omnium
968 3091 1016 3120 in-

183 3137 411 3164 crementorum
432 3131 624 3161 nascentium
648 3132 677 3163 B
691 3133 720 3168 b,
745 3134 784 3162 ab
805 3133 832 3163 A
857 3143 956 3173 usque
977 3133 1017 3163 ad

1041 2198 1073 2232 b,
1091 2196 1148 2226 erit
1162 2195 1228 2235 ipsa
1242 2195 1344 2227 fluens
1362 2196 1392 2227 A
1406 2197 1438 2233 b,
1468 2203 1592 2224 summa
1613 2193 1756 2225 omnium
1780 2194 1879 2225 incre-

1042 2244 1223 2270 mentorum
1246 2239 1277 2269 E
1293 2247 1320 2275 c,
1342 2239 1381 2269 ab
1399 2238 1438 2274 A,
1462 2247 1560 2278 nsque
1581 2237 1621 2268 ad
1643 2247 1674 2273 c,
1700 2238 1757 2267 erit
1782 2236 1882 2267 fluens

1043 2283 1065 2313 b
1079 2292 1107 2320 c,
1118 2290 1241 2312 summa
1250 2279 1392 2312 omnium
1403 2281 1431 2312 C
1446 2291 1473 2317 c,
1486 2280 1544 2310 erit
1553 2291 1641 2311 meus
1652 2279 1751 2310 fluens
1764 2280 1794 2310 A
1812 2291 1838 2318 c,
1852 2287 1883 2311 et

1045 2335 1168 2355 summa
1181 2324 1325 2355 omnium
1338 2323 1696 2364 parallelogrammorum
1714 2323 1743 2354 B
1761 2323 1800 2356 E,
1825 2323 1883 2353 erit

1045 2377 1117 2398 area
1140 2368 1171 2397 A
1197 2377 1215 2397 c
1241 2368 1262 2397 b
1286 2366 1386 2396 fluens
1413 2368 1500 2408 (106,
1530 2365 1627 2405 107);
1661 2364 1735 2406 ergo
1760 2374 1882 2396 summa

1046 2409 1223 2440 fluxionum
1237 2414 1283 2439 est
1296 2414 1334 2439 ut
1347 2409 1412 2447 ipsa
1426 2408 1581 2448 quantitas
1592 2408 1700 2438 fluens.

1094 2455 1163 2482 148.
1192 2451 1352 2487 Quoniam
1366 2451 1400 2480 in
1421 2449 1522 2490 figura
1544 2450 1693 2489 superiori
1715 2450 1811 2481 fluxio
1825 2451 1880 2482 ali·

1049 2504 1120 2535 qua,
1144 2493 1194 2525 vel
1216 2494 1356 2524 abscissae
1374 2494 1405 2524 A
1423 2493 1462 2528 B,
1487 2492 1536 2522 vel
1559 2492 1708 2523 ordinatae
1726 2493 1752 2524 C
1770 2494 1812 2531 B,
1827 2502 1883 2526 aut

1049 2536 1138 2567 arcus
1169 2537 1200 2567 A
1226 2537 1262 2571 C,
1286 2536 1331 2566 ad
1361 2536 1523 2567 arbitrium
1551 2541 1699 2575 tanquam
1720 2536 1884 2568 uniformis

1049 2579 1179 2619 spectari
1193 2578 1297 2619 possit,
1313 2579 1381 2621 (Ex
1392 2578 1482 2609 dictis
1495 2578 1583 2616 145.)
1594 2585 1679 2617 patet
1689 2588 1727 2608 ex
1742 2579 1884 2618 pluribus

1049 2622 1238 2653 fluxionibus
1266 2631 1363 2659 unam
1394 2628 1543 2662 tanquam
1567 2627 1758 2652 constantem
1794 2632 1883 2661 posse

1049 2664 1236 2696 considerari
1251 2670 1283 2694 et
1295 2665 1467 2705 quantitate
1488 2663 1575 2693 finita
1591 2665 1743 2694 constanti
1759 2666 1882 2704 exponi,

1049 2708 1126 2739 dum
1141 2708 1210 2739 aliae
1223 2707 1377 2738 fluxiones
1387 2707 1471 2737 varia
1485 2706 1604 2736 ratione
1615 2707 1729 2737 mutari
1741 2713 1772 2746 qt
1785 2718 1884 2748 quan.

1048 2751 1186 2782 titatibus
1199 2750 1395 2782 variabilibus
1409 2749 1521 2789 exponi
1534 2755 1671 2788 possunt.

1099 2797 1167 2825 149.
1197 2794 1303 2829 Quare
1332 2803 1406 2824 cum
1430 2792 1616 2832 quantitates
1637 2791 1795 2825 vai-'ubiles
1815 2803 1886 2825 suas

1051 2837 1185 2867 habeant
1199 2836 1351 2867 fluxiones
1364 2846 1435 2876 quae
1449 2833 1554 2865 rursus
1568 2841 1696 2874 possunt
1710 2845 1775 2867 esse
1788 2837 1887 2868 vaxia-

1054 2879 1138 2915 biles,
1154 2879 1251 2920 liquet
1265 2879 1331 2909 dari
1345 2878 1496 2908 fluxiones
1511 2877 1692 2912 fluxionum,
1710 2889 1766 2910 ‚eeu
1775 2880 1884 2916 varios,

1051 2920 1115 2952 imo
1140 2922 1278 2952 infinitos
1302 2921 1479 2951 fluxionum
1508 2919 1639 2952 ordines.
1703 2921 1884 2953 Fluentium

1051 2964 1208 2994 finitarum
1234 2964 1386 2994 fluxiones
1409 2962 1555 2993 dicuntur
1579 2962 1731 2994 fluxiones
1756 2965 1883 3004 primae;

1051 3008 1162 3036 harum
1177 3006 1329 3036 fluxiones
1343 3005 1450 3044 primae
1472 3005 1619 3036 dicuntur
1633 3006 1797 3038 fluentium
1814 3007 1885 3038 fini-

1052 3055 1153 3079 tarum
1163 3048 1314 3079 fluxiones
1324 3047 1476 3084 secundae,
1484 3054 1515 3078 et
1524 3047 1565 3078 ita
1574 3048 1664 3087 porro
1673 3048 1706 3078 in
1714 3050 1881 3081 infinitum.

1104 3095 1172 3121 150.
1201 3090 1307 3121 Ductii
1321 3090 1403 3120 recta
1419 3090 1451 3120 V
1466 3091 1495 3120 T
1511 3091 1558 3127 H,
1579 3102 1649 3131 quae
1673 3102 1796 3123 curvam
1819 3101 1886 3123 tan-

1057 3139 1111 3174 gat
1125 3133 1158 3163 in
1176 3134 1212 3171 C,
1239 3133 1372 3174 ipsisque
1394 3134 1415 3163 b
1429 3144 1446 3163 c
1460 3140 1492 3164 et
1509 3134 1540 3163 B
1557 3135 1586 3163 A
1602 3135 1758 3173 productis
1780 3146 1886 3166 occur..
