2086 3542
290 238 370 275 388
678 234 1126 279 PHILOSOPHIAE
1156 236 1517 282 NATURALIS
1607 236 1756 287 [Mor.
1779 239 1976 283 Gourou-

913 516 1158 565 SECTIO
1192 517 1338 566 XIII.

482 651 560 700 De
581 667 825 715 corporum
856 667 947 699 non
969 653 1293 715 sphoericorum
1317 654 1489 702 viribus
1510 657 1773 704 attractiviS.
1797 711 1805 719 ,

516 824 890 868 PROPOSITIO
921 825 1158 867 LXXXV.
1217 826 1574 870 THEOREMA
1606 828 1753 871 XLII.

288 936 334 977 Si
351 936 522 989 corporis
541 937 717 985 attracti,
738 936 805 976 ubi
823 936 1041 977 attrahenti
1058 938 1274 992 contiguum
1294 945 1361 988 est,
1393 940 1579 980 attractio
1609 938 1722 994 longe?
1732 941 1890 994 fortior
1913 942 1978 992 sit,

345 1020 456 1060 quam
477 1020 558 1046 cum
578 1006 638 1046 vel
656 1007 812 1046 minimo
832 1007 1039 1048 intervallo
1056 1014 1290 1060 separantur
1303 1008 1353 1048 ab
1369 1009 1527 1049 invicem
1543 1027 1557 1049 .-
1586 1010 1687 1050 vires
1695 1011 1982 1063 particularum
2054 1008 2061 1015 ’

344 1075 546 1125 trahentis,
569 1077 611 1116 in
630 1090 774 1117 recessu
793 1078 964 1130 corporis
983 1077 1160 1128 attracti,
1182 1078 1398 1119 decrescunt
1413 1079 1455 1119 in
1469 1080 1622 1120 ratione
1633 1080 1838 1134 plusquam
1852 1081 1982 1135 dupli-

345 1144 433 1186 cata
454 1147 730 1187 distantiarum
750 1160 777 1186 a
801 1147 1023 1199 particulis.

346 1259 456 1301 Nam
477 1260 511 1301 si
532 1259 636 1300 vires
658 1259 901 1301 decrescunt
919 1259 963 1300 in
983 1260 1142 1302 ratione
1166 1259 1372 1315 duplicata
1402 1260 1686 1302 distantiarum
1706 1277 1731 1303 a
1749 1262 1983 1316 particulis;

287 1330 475 1370 attractio
495 1344 635 1371 versus
657 1343 805 1384 corpus
826 1329 1088 1384 sphaericum,
1111 1338 1329 1384 propterea
1349 1330 1459 1386 quod
1491 1334 1582 1386 (per
1604 1331 1728 1385 Prop.
1751 1331 1983 1384 LXXIV.)

287 1399 338 1440 sit
358 1399 566 1454 reciproce
589 1407 632 1440 ut
655 1399 900 1455 quadratum
929 1399 1133 1442 distantiae
1163 1401 1323 1442 attracti
1352 1401 1535 1455 corporis
1570 1415 1595 1441 a
1628 1408 1769 1442 centro
1801 1400 1985 1455 sphaerae,

285 1469 399 1511 haud
428 1470 673 1511 sensibiliter
704 1471 921 1527 augebitur
952 1485 1005 1512 ex
1037 1479 1227 1512 contactu
1241 1487 1253 1521 ;
1293 1479 1415 1527 atque
1446 1471 1581 1512 adhuc
1608 1472 1743 1513 minus
1774 1472 1991 1528 augebitur

286 1555 339 1582 cx
359 1549 564 1592 contactu,
587 1542 621 1583 si
643 1541 830 1583 attractio
849 1542 891 1583 in
922 1556 1086 1584 recessu
1116 1542 1300 1597 emporis
1330 1543 1491 1584 attracti
1519 1542 1728 1583 decrescat
1756 1542 1799 1583 in
1832 1543 1989 1584 ratione

285 1611 457 1654 minore.
519 1613 640 1654 Patet
673 1613 799 1668 igitur
829 1613 1056 1667 propositio
1090 1613 1142 1655 de
1174 1612 1345 1667 sphaeris
1379 1613 1613 1655 attractivis.
1675 1612 1726 1667 (ἆ)
1759 1613 1816 1655 Et
1833 1628 1910 1668 par
1928 1619 1990 1655 est

285 1681 390 1722 ratio
410 1682 572 1724 orbium
594 1682 894 1737 sphaericorum
915 1697 1190 1724 concavorum
1210 1697 1384 1738 corpora
1414 1690 1584 1725 externa
1613 1682 1873 1724 trahentium.
1933 1682 1991 1724 Et

278 1754 418 1796 >multo
437 1756 568 1812 magis
588 1770 654 1797 res
675 1763 834 1797 constat
852 1756 896 1796 in
916 1755 1084 1797 orbibus
1106 1769 1282 1810 corpora
1299 1755 1469 1796 interius
1489 1755 1706 1796 constituta
1720 1753 1988 1803 trahentibus,

285 1838 380 1864 cum
401 1825 663 1866 attractiones
683 1825 834 1878 passim
852 1839 928 1878 per
947 1824 1109 1865 orbium
1131 1824 1323 1865 cavitates
1352 1824 1404 1864 ab
1434 1823 1744 1865 attractionibus
1776 1824 1990 1864 contrariis

287 1897 378 1948 (per
396 1894 521 1948 Prop.
538 1894 707 1945 LXX.)
722 1894 930 1943 tollantur,
943 1893 1119 1948 ideoque
1134 1893 1199 1934 vel
1214 1893 1257 1934 in
1269 1893 1359 1947 ipso
1373 1901 1562 1934 contactu
1578 1892 1703 1933 nullae
1719 1901 1826 1934 sunt.
1861 1893 1990 1942 Quod

286 1964 321 2004 si
341 1962 512 2018 sphaeris
532 1961 645 2004 nisce
666 1963 914 2018 orbibusque
934 1962 1145 2017 sphaericis
1165 1970 1302 2017 partes
1324 1962 1515 2018 quaelibet
1534 1978 1558 2003 a
1576 1962 1669 2003 loco
1688 1970 1897 2004 contactus
1926 1977 1992 2005 re-

284 2043 409 2076 motae
432 2034 683 2085 auferantur,
715 2043 757 2076 et
777 2042 914 2089 partes
933 2049 1052 2075 novae
1072 2035 1206 2075 ubivis
1227 2034 1430 2076 addantur
1446 2050 1455 2076 :
1475 2035 1635 2079 ‚mutari
1654 2043 1826 2090 possunt
1845 2035 1992 2092 figurae

284 2104 438 2145 horum
458 2119 680 2159 corporum
702 2104 1008 2145 attractivorum
1030 2118 1109 2159 pro
1129 2104 1275 2155 lubitu,
1306 2119 1384 2145 nec
1415 2113 1551 2146 tamen
1579 2113 1716 2159 partes
1747 2104 1898 2146 additae
1926 2105 1992 2148 vel

286 2174 512 2225 subductae,
536 2189 631 2215 cum
652 2175 734 2216 sint
753 2189 778 2215 a
797 2174 890 2215 loco
911 2182 1123 2216 contactus
1143 2182 1326 2224 remotae,
1348 2174 1557 2230 augebunt
1582 2174 1816 2216 notabiliter
1843 2183 1992 2217 attrac-

285 2244 407 2286 tionis
428 2258 658 2294 excessum,
682 2244 754 2300 qui
774 2258 827 2285 ex
847 2252 1038 2285 contactu
1058 2244 1199 2286 oritur.
1252 2244 1426 2286 Constat
1444 2244 1569 2301 igitur
1586 2244 1814 2299 propositio
1833 2243 1886 2286 de
1900 2258 1991 2286 cor-

285 2314 456 2368 poribus
476 2314 703 2371 figurarum
723 2313 921 2355 omnium.
982 2313 1038 2363 Q.
1060 2328 1095 2355 e.
1120 2313 1161 2356 d.

496 2455 873 2498 PROPOSITIO
906 2453 1170 2497 LXXXVI.
1231 2454 1586 2497 THEOREMA
1618 2453 1790 2496 XLIII.

286 2556 333 2599 Si
343 2555 645 2609 particularum,
667 2568 715 2595 ea·
734 2553 870 2608 quibus
889 2566 1026 2606 corpus
1045 2551 1290 2592 attractivum
1310 2551 1560 2604 componitur,
1580 2551 1680 2592 vires
1694 2551 1736 2591 in
1750 2563 1892 2591 recessu
1905 2564 1990 2591 cor.

334 2629 450 2682 poris
469 2627 633 2667 attracti
653 2627 874 2666 decrescunt
894 2626 938 2665 in
957 2622 1161 2677 triplicata*
1182 2624 1242 2664 vel
1252 2624 1459 2676 plusquam
1493 2621 1695 2675 triplicata
1728 2622 1881 2662 ratione
1910 2623 1991 2664 dis-

343 2699 558 2741 tantiarum
577 2713 603 2739 a
621 2697 847 2751 particulis,
869 2696 1056 2737 attractio
1074 2695 1189 2748 longe
1200 2694 1359 2747 sortior
1377 2695 1453 2734 crit
1473 2695 1516 2734 in
1544 2699 1732 2742 contactu,
1763 2707 1876 2746 quam
1908 2707 1989 2734 cum

343 2770 502 2811 trahens
523 2774 561 2809 et
579 2773 790 2808 attractum
813 2766 1021 2807 intervallo
1042 2766 1102 2806 vel
1120 2765 1277 2804 minimo
1295 2771 1529 2818 separantur
1547 2764 1597 2804 ab
1617 2764 1789 2806 invicem.

347 2871 457 2911 Nam
478 2868 763 2911 attractionem
784 2867 826 2907 in
848 2879 1013 2907 accessu
1034 2864 1194 2906 attracti
1215 2863 1445 2918 corpusculi
1466 2862 1517 2903 ad
1537 2862 1769 2917 hujusmodi
1788 2863 1990 2919 sphaeram

332 2981 375 3021 (⁴¹)
400 2984 416 3002 ⁴¹
441 2984 486 3014 Et
495 2993 556 3022 par
570 2986 610 3012 ese
626 2982 702 3011 ratio
718 2981 837 3011 orbium
851 2980 1065 3020 sphaericorum
1079 2988 1290 3009 concavet-um.
1339 2976 1418 3017 (Per
1434 2975 1527 3016 Prop.
1547 2976 1616 3016 71.)
