2086 3542
348 251 428 287 350
742 245 1189 292 PHILOSOPHIAE
1222 247 1578 292 NATURALIS
1665 250 1810 302 [Mor.
1833 250 2031 295 Conon.

339 373 488 414 aquam
507 373 667 402 sursum
686 360 729 402 in
748 362 976 405 octantibus
995 370 1089 403 ante
1109 362 1303 418 syzygias,
1325 377 1374 404 ac
1391 362 1585 405 desinunt
1602 363 1764 405 trahere
1779 377 1927 420 aquam
1941 378 2031 409 sur-

339 442 431 470 sum
451 429 733 486 incipiuntque
751 430 916 474 trahere
935 445 1084 487 aquam
1104 431 1298 473 deorsum
1315 432 1360 473 in
1378 433 1608 475 octantibus
1626 441 1722 488 post
1739 434 1935 490 syzygias.
1977 432 2034 476 Et

340 498 436 541 inde
455 500 636 556 maxima
655 515 773 557 aquae
792 501 966 543 altitudo
985 502 1148 543 evenire
1166 509 1302 556 potest
1321 502 1364 543 in
1383 503 1613 544 octantibus
1641 511 1736 558 post
1764 495 1962 560 syzygias,
1992 510 2035 546 et

337 570 506 613 minima
523 572 816 615 insectantibus
836 579 930 626 post
949 572 1218 628 quadraturas
1247 573 1433 622 circiter3
1456 573 1541 614 nisi
1571 573 1772 628 quatenus
1802 586 1938 615 motus
1968 565 2032 616 as-

336 643 538 685 cendendi
557 644 622 685 vel
641 642 914 685 descendendi
945 643 997 684 ab
1025 643 1089 685 his
1123 643 1275 684 viribus
1304 643 1525 697 impressus
1553 642 1619 684 vel
1646 658 1721 698 per
1752 643 1835 684 vim
1864 643 2029 686 insitam

335 729 454 770 aquae
472 715 598 771 paulo
617 715 768 757 diutius
797 722 1043 768 perseveret,
1064 714 1129 756 vel
1148 728 1224 769 per
1242 713 1535 768 impedimenta
1553 713 1658 756 alvei
1675 713 1800 770 paulo
1819 715 1938 758 citius
1957 715 2031 758 sis-

333 794 456 829 tatur.
1798 799 1801 801 ’

393 859 520 900 Corol.
542 863 608 901 21.
641 857 800 900 Eadem
820 858 990 909 ratione,
1012 858 1093 915 qua
1113 857 1282 900 materia
1310 856 1424 914 globi
1448 857 1570 913 juxta
1599 864 1848 914 aequatorem
1878 858 2029 901 redun-

330 928 434 970 dans
454 929 576 971 efficit
595 938 641 972 ut
658 930 759 972 nodi
778 930 1077 987 regrediantur,
1098 937 1222 985 atque
1250 928 1347 970 ideo
1374 942 1451 984 per
1480 928 1602 984 hujus
1630 928 1928 971 incrementum
1957 945 2030 972 au-

328 1007 450 1054 getur
469 999 547 1041 iste
565 1015 789 1057 regreSSUS,
810 1015 886 1056 per
905 1001 1218 1046 diminutionem
1239 999 1336 1041 vero
1352 999 1607 1050 diminuitur,
1629 1007 1670 1042 et
1687 1014 1764 1055 per
1782 1000 2029 1043 ablationem

326 1069 510 1120 tollitur;
542 1070 589 1126 (ι)
609 1071 645 1112 si
663 1071 834 1113 materia
852 1071 1070 1128 plusquam
1090 1071 1325 1113 redundans
1341 1070 1519 1122 tollatur,
1534 1070 1617 1112 hoc
1630 1073 1739 1113 estsi
1752 1071 1900 1129 globus
1907 1072 2030 1128 juxta

327 1150 580 1198 aequatorem
597 1142 665 1184 vel
682 1142 915 1198 depressior
933 1142 1144 1194 reddatur,
1164 1141 1231 1184 vel
1250 1142 1381 1183 rarior
1410 1156 1534 1198 quam
1556 1143 1678 1198 juxta
1707 1142 1841 1198 polos,
1873 1143 2029 1193 orietur

325 1219 462 1253 motus
481 1212 688 1254 nodorum
707 1213 751 1254 in
771 1213 1073 1269 consequentia.

385 1282 515 1324 Corol.
537 1287 605 1324 22.
636 1282 693 1324 Et
715 1282 814 1324 inde
842 1282 1034 1333 vicissim,
1070 1296 1124 1324 ex
1156 1290 1272 1324 motu
1305 1281 1512 1324 nodorum
1541 1282 1761 1339 innotescit
1790 1281 2028 1325 constitutio

323 1350 450 1408 globi.
510 1351 718 1394 Nimirum
743 1352 777 1394 si
795 1353 944 1409 globus
963 1353 1081 1408 polos
1101 1352 1270 1394 eosdem
1299 1360 1534 1394 constanter
1565 1361 1712 1404 servat,
1740 1361 1782 1395 et
1811 1361 1948 1395 motus
1978 1353 2028 1395 fit

323 1421 369 1462 in
388 1422 684 1473 antecedentia,
705 1423 877 1464 materia
889 1423 1012 1478 juxta
1038 1430 1290 1479 aequatorem
1321 1422 1526 1471 redundat
1538 1438 1550 1472 3
1581 1423 1616 1464 si
1645 1423 1690 1464 in
1721 1423 2025 1479 consequentia,

322 1493 475 1535 deficit.
535 1493 652 1536 Pone
671 1494 842 1551 globum
861 1493 1107 1535 uniformem
1127 1501 1168 1535 et
1185 1492 1364 1548 perfecte
1385 1493 1626 1535 circinatum
1654 1494 1698 1534 in
1727 1493 1868 1548 spatiis
1887 1493 2026 1536 liberis

320 1565 457 1619 primo
478 1565 716 1621 quiescere3
746 1565 844 1607 dein
872 1565 1029 1621 impetu
1063 1579 1309 1621 quocunque
1340 1564 1507 1622 oblique
1540 1566 1584 1606 in
1618 1566 1876 1621 superficiem
1911 1580 2028 1609 suam

318 1635 431 1678 facto
450 1637 639 1692 propelli,
661 1645 703 1680 et
721 1645 879 1679 motum
898 1638 995 1679 inde
1024 1637 1240 1692 concipere
1261 1638 1314 1692 (¹¹)
1335 1637 1487 1692 partim
1518 1637 1771 1688 circularem,
1803 1638 1954 1693 partim
1982 1638 2029 1680 in
2081 1679 2086 1681 .

317 1707 533 1750 directum.
595 1704 806 1759 Quoniam
824 1709 973 1766 globus
993 1708 1070 1751 iste
1090 1707 1144 1749 ad
1163 1722 1262 1749 axes
1282 1722 1423 1749 omnes
1442 1722 1520 1762 per
1548 1715 1734 1749 centrum
1763 1722 1884 1749 suum
1912 1715 2026 1750 tran-
2083 1720 2086 1768 J

318 1786 481 1821 seuntes
500 1778 781 1821 indifferenter
792 1794 837 1821 se
850 1778 988 1829 habet,
1005 1792 1140 1833 neque
1153 1777 1400 1832 propensior
1414 1785 1477 1819 est
1490 1778 1534 1818 in
1546 1791 1675 1819 unum
1691 1792 1826 1828 axem,
1842 1792 2025 1822 unumve
2079 1770 2086 1786 '⁵

317 1849 404 1891 axis
421 1849 557 1899 situm,
576 1849 629 1903 (¹)
643 1863 766 1904 quam
778 1849 822 1890 in
836 1849 962 1890 alium
977 1847 1160 1904 quemvis
1173 1862 1185 1897 ;
1205 1847 1470 1902 perspicuum
1485 1855 1560 1897 est,
1578 1846 1688 1902 quod
1705 1847 1740 1888 is
1756 1862 1876 1889 axem
1889 1863 2023 1900 suum,
2076 1891 2078 1895 ,

316 1919 488 1974 axisque
506 1918 814 1960 inclinationem
833 1918 874 1959 vi
902 1916 1069 1972 propria
1098 1925 1311 1972 nunquam
1341 1916 1528 1958 mutabit.
1589 1917 1640 1970 (5)
1673 1916 1914 1972 Impellatur
1933 1919 2025 1974 jam
2075 1951 2078 1958 .

314 1990 461 2047 globus
481 1987 659 2045 oblique,
682 1989 726 2030 in
747 1987 892 2031 eadem
912 1987 984 2029 illa
1007 1987 1241 2042 superficiei
1270 1995 1401 2041 parte,
1438 1986 1519 2042 qufi
1549 1986 1677 2041 prius,
1713 1987 1894 2042 impulsu
1923 2003 2023 2046 quo·
2072 2008 2073 2011 ¹

315 2076 476 2118 cunque
494 2076 629 2112 novo3
659 2070 701 2104 et
720 2061 815 2103 cum
835 2061 954 2102 citior
974 2060 1039 2102 vel
1061 2059 1190 2101 serior
1209 2058 1412 2114 impulsus
1432 2058 1622 2100 effectum
1640 2058 1700 2100 nil
1718 2066 1862 2111 mutet,
1890 2060 2023 2104 mani-
2064 2075 2066 2077 ’

314 2188 456 2219 maximae
470 2187 550 2219 inter
563 2188 629 2218 haec
642 2192 758 2227 puncta
770 2185 908 2217 incidant
921 2184 985 2216 fere
999 2184 1079 2216 circa
1088 2193 1141 2215 oc·
1231 2181 1278 2224 (y)
1303 2183 1320 2202 ‘
1343 2181 1602 2223 Impellaturjam
1612 2183 1715 2222 globus
1728 2182 1848 2223 oblique,
1869 2184 1903 2216 in
1915 2181 2021 2218 eadm

317 2237 426 2261 rantes.
1184 2224 1238 2257 illd
1253 2226 1420 2267 mperficiei
1429 2230 1521 2264 parte
1538 2224 1567 2255 B
1583 2223 1646 2265 qud
1654 2223 1752 2265 pitis,
1766 2225 1822 2255 &c-
2066 2245 2068 2249 ·

356 2273 399 2313 (ἴ)
423 2274 440 2291 ⁶
465 2274 497 2304 Si
511 2273 633 2303 materia
643 2274 807 2312 plusquam
821 2272 997 2302 redundans
1005 2271 1137 2305 tollatur,

312 2326 367 2345 seu
392 2315 417 2345 si
437 2315 565 2345 materia
587 2314 762 2344 redundans
784 2313 925 2354 negativa
948 2313 1010 2348 fiat,
1036 2317 1140 2341 motus

313 2357 465 2387 nodorum
479 2357 532 2396 qui
547 2365 611 2387 erat
625 2356 658 2386 in
669 2356 887 2392 antecedentia,
900 2354 1059 2395 negativus
1070 2363 1139 2383 eva-

312 2399 375 2436 det,
391 2400 449 2429 hoc
464 2405 518 2435 est,
541 2399 656 2429 orietur
676 2403 779 2428 motus
801 2398 953 2428 nodorum
977 2397 1011 2427 in
1033 2405 1138 2426 conse,-
1174 2414 1176 2419 ·

333 2442 446 2471 uentia.
1111 2467 1116 2471 .

312 2451 332 2481 q
356 2483 400 2525 (⁰)
426 2486 442 2503 ⁸
468 2484 584 2514 Partim
606 2484 793 2518 circularem,
806 2483 967 2522 partimin
983 2483 1140 2512 directum.

314 2525 373 2555 vis
390 2526 420 2555 A
438 2526 468 2556 B
483 2526 544 2565 qufi
559 2525 670 2565 globus
687 2525 715 2555 B
733 2525 763 2555 X
784 2525 808 2554 Z
823 2523 946 2564 oblique
959 2523 1135 2562 impellitur,

308 2567 482 2598 seeundum
497 2566 694 2597 directionem
712 2567 741 2596 A
762 2567 798 2600 Β,
815 2567 848 2595 in
863 2566 940 2596 duas
953 2566 1031 2595 vires
1044 2565 1138 2595 resol-

310 2609 401 2646 vitur,
417 2619 548 2649 quarum
562 2609 656 2639 altera
673 2608 713 2639 ad
734 2614 874 2638 centrum
899 2609 925 2638 C
943 2609 1035 2649 juxta
1056 2607 1137 2637 radi-

310 2661 367 2681 um
384 2652 420 2682 B·
432 2652 458 2682 C
472 2650 623 2690 dirigitur,
646 2651 674 2680 ei
688 2657 807 2681 motum
829 2650 911 2690 globi
932 2650 965 2680 in
986 2649 1135 2679 directum

311 2693 463 2732 producit,
480 2692 574 2723 altera
588 2692 757 2723 secundum
773 2698 949 2732 tangentem
962 2691 990 2722 13
1005 2691 1037 2721 D
1051 2691 1136 2721 radio

315 2736 345 2766 B
362 2736 389 2765 C
403 2735 572 2765 normalem
586 2735 659 2775 agit,
682 2741 713 2764 et
736 2740 857 2764 motum
881 2733 1037 2764 rotationis
1057 2731 1136 2763 cich

312 2787 402 2849 dmm
422 2777 516 2817 plano
538 2777 567 2807 A
587 2777 615 2808 B
635 2776 668 2807 D
684 2776 716 2807 X
734 2776 760 2807 C
785 2775 1065 2816 perpendiculare-
1086 2774 1135 2804 in-

335 2820 408 2850 ucit.

355 2861 403 2902 (¹)
427 2863 445 2881 ⁶
483 2863 582 2896 Quam
606 2862 640 2892 in
664 2862 758 2891 alium
784 2861 937 2901 quemviss
972 2864 1136 2899 antequam
1181 2900 1183 2902 v

315 2909 418 2933 motus
431 2903 631 2942 imprimatur.
647 2903 841 2942 perspicuum
856 2907 901 2933 est
914 2901 997 2941 quod
1011 2900 1037 2930 is
1047 2910 1136 2930 axem

314 2954 406 2974 suum
420 2945 576 2976 rotationis
586 2945 709 2985 axisque
720 2944 946 2974 inclinationem
957 2942 997 2973 ad
1007 2942 1139 2981 planum⁴

314 2986 441 3025 quodvis
469 2987 618 3026 positione
640 2986 747 3018 datum
771 2986 800 3016 vi
827 2984 947 3026 propri&
975 2994 1135 3024 nunquam

314 3027 452 3058 mutabit.
