<?xml version="1.0" encoding="UTF-8"?>
<!DOCTYPE html PUBLIC "-//W3C//DTD XHTML 1.0 Transitional//EN"
    "http://www.w3.org/TR/xhtml1/DTD/xhtml1-transitional.dtd">
<html xmlns="http://www.w3.org/1999/xhtml" xml:lang="en" lang="en">
 <head>
  <title>
</title>
<meta http-equiv="Content-Type" content="text/html;charset=utf-8" />
  <meta name='ocr-system' content='tesseract 3.04.00' />
  <meta name='ocr-capabilities' content='ocr_page ocr_carea ocr_par ocr_line ocrx_word'/>
</head>
<body>
  <div class='ocr_page' id='page_1' title='image "./philosophiaenatu01newtuoft_0180.png"; bbox 0 0 2086 3542; ppageno 0'>
   <div class='ocr_carea' id='block_1_1' title="bbox 287 260 1984 316">
    <p class='ocr_par' dir='ltr' id='par_1_1' title="bbox 287 260 1984 316">
     <span class='ocr_line' id='line_1_1' title="bbox 287 260 1984 316; baseline 0.004 -12"><span class='ocrx_word' id='word_1_1' title='bbox 287 268 366 305; x_wconf 75' lang='lat'><strong>144</strong></span> <span class='ocrx_word' id='word_1_2' title='bbox 709 261 1159 308; x_wconf 87' lang='lat' dir='ltr'>PHILOSOPHIAE</span> <span class='ocrx_word' id='word_1_3' title='bbox 1188 262 1547 307; x_wconf 88' lang='lat' dir='ltr'><strong>NATURALIS</strong></span> <span class='ocrx_word' id='word_1_4' title='bbox 1620 262 1765 316; x_wconf 73' lang='lat' dir='ltr'><strong>[Mo&#39;r.</strong></span> <span class='ocrx_word' id='word_1_5' title='bbox 1781 260 1984 310; x_wconf 58' lang='lat' dir='ltr'><strong>conrob-</strong></span> 
     </span>
    </p>
   </div>
   <div class='ocr_carea' id='block_1_2' title="bbox 282 375 1985 851">
    <p class='ocr_par' dir='ltr' id='par_1_2' title="bbox 282 375 1985 573">
     <span class='ocr_line' id='line_1_2' title="bbox 343 375 1984 436; baseline 0.002 -19"><span class='ocrx_word' id='word_1_6' title='bbox 343 376 434 417; x_wconf 83' lang='lat' dir='ltr'><strong>Cas.</strong></span> <span class='ocrx_word' id='word_1_7' title='bbox 455 380 494 417; x_wconf 80' lang='lat'><strong>2.</strong></span> <span class='ocrx_word' id='word_1_8' title='bbox 527 375 572 418; x_wconf 90' lang='lat' dir='ltr'><strong>Si</strong></span> <span class='ocrx_word' id='word_1_9' title='bbox 591 375 685 418; x_wconf 86' lang='lat' dir='ltr'><strong>duae</strong></span> <span class='ocrx_word' id='word_1_10' title='bbox 705 391 759 419; x_wconf 85' lang='lat' dir='ltr'><strong>ex</strong></span> <span class='ocrx_word' id='word_1_11' title='bbox 787 377 918 420; x_wconf 86' lang='lat' dir='ltr'><strong>tribus</strong></span> <span class='ocrx_word' id='word_1_12' title='bbox 947 378 1079 428; x_wconf 86' lang='lat' dir='ltr'><strong>lineis,</strong></span> <span class='ocrx_word' id='word_1_13' title='bbox 1114 384 1216 432; x_wconf 80' lang='lat' dir='ltr'><strong>puta</strong></span> <span class='ocrx_word' id='word_1_14' title='bbox 1246 377 1284 417; x_wconf 89' lang='lat' dir='ltr'>A</span> <span class='ocrx_word' id='word_1_15' title='bbox 1307 376 1341 418; x_wconf 94' lang='lat' dir='ltr'>Z</span> <span class='ocrx_word' id='word_1_16' title='bbox 1361 383 1403 418; x_wconf 81' lang='lat' dir='ltr'><strong>et</strong></span> <span class='ocrx_word' id='word_1_17' title='bbox 1424 375 1461 418; x_wconf 94' lang='lat' dir='ltr'>B</span> <span class='ocrx_word' id='word_1_18' title='bbox 1483 375 1530 426; x_wconf 92' lang='lat' dir='ltr'><strong>Z,</strong></span> <span class='ocrx_word' id='word_1_19' title='bbox 1561 383 1792 431; x_wconf 84' lang='lat' dir='ltr'><strong>aequantur,</strong></span> <span class='ocrx_word' id='word_1_20' title='bbox 1824 377 1882 419; x_wconf 85' lang='lat' dir='ltr'><strong>ita</strong></span> <span class='ocrx_word' id='word_1_21' title='bbox 1905 394 1984 436; x_wconf 84' lang='lat' dir='ltr'><strong>age</strong></span> 
     </span>
     <span class='ocr_line' id='line_1_3' title="bbox 283 445 1985 503; baseline 0.002 -16"><span class='ocrx_word' id='word_1_22' title='bbox 283 453 437 488; x_wconf 85' lang='lat' dir='ltr'><strong>rectam</strong></span> <span class='ocrx_word' id='word_1_23' title='bbox 463 446 505 488; x_wconf 93' lang='lat' dir='ltr'>T</span> <span class='ocrx_word' id='word_1_24' title='bbox 526 447 573 498; x_wconf 95' lang='lat' dir='ltr'><strong>Z,</strong></span> <span class='ocrx_word' id='word_1_25' title='bbox 597 455 644 490; x_wconf 88' lang='lat' dir='ltr'><strong>ut</strong></span> <span class='ocrx_word' id='word_1_26' title='bbox 662 447 817 491; x_wconf 87' lang='lat' dir='ltr'><strong>bisecet</strong></span> <span class='ocrx_word' id='word_1_27' title='bbox 842 457 999 491; x_wconf 87' lang='lat' dir='ltr'><strong>rectam</strong></span> <span class='ocrx_word' id='word_1_28' title='bbox 1028 449 1070 490; x_wconf 93' lang='lat' dir='ltr'>A</span> <span class='ocrx_word' id='word_1_29' title='bbox 1092 447 1153 498; x_wconf 78' lang='lat'><strong>133</strong></span> <span class='ocrx_word' id='word_1_30' title='bbox 1184 447 1281 489; x_wconf 88' lang='lat' dir='ltr'><strong>dein</strong></span> <span class='ocrx_word' id='word_1_31' title='bbox 1310 461 1450 503; x_wconf 86' lang='lat' dir='ltr'><strong>quaere</strong></span> <span class='ocrx_word' id='word_1_32' title='bbox 1478 445 1731 502; x_wconf 85' lang='lat' dir='ltr'><strong>triangulum</strong></span> <span class='ocrx_word' id='word_1_33' title='bbox 1753 447 1794 488; x_wconf 96' lang='lat' dir='ltr'>A</span> <span class='ocrx_word' id='word_1_34' title='bbox 1811 447 1853 488; x_wconf 96' lang='lat' dir='ltr'>T</span> <span class='ocrx_word' id='word_1_35' title='bbox 1873 448 1907 489; x_wconf 95' lang='lat' dir='ltr'>Z</span> <span class='ocrx_word' id='word_1_36' title='bbox 1935 457 1985 491; x_wconf 81' lang='lat' dir='ltr'><strong>ut</strong></span> 
     </span>
     <span class='ocr_line' id='line_1_4' title="bbox 282 531 422 573; baseline 0.007 -14"><span class='ocrx_word' id='word_1_37' title='bbox 282 531 422 573; x_wconf 84' lang='lat' dir='ltr'><strong>supra.</strong></span> 
     </span>
    </p>

    <p class='ocr_par' dir='ltr' id='par_1_3' title="bbox 282 589 1982 720">
     <span class='ocr_line' id='line_1_5' title="bbox 342 589 1982 649; baseline 0 -15"><span class='ocrx_word' id='word_1_38' title='bbox 342 592 432 634; x_wconf 85' lang='lat' dir='ltr'><strong>Cas.</strong></span> <span class='ocrx_word' id='word_1_39' title='bbox 454 598 492 633; x_wconf 83' lang='lat'><strong>3.</strong></span> <span class='ocrx_word' id='word_1_40' title='bbox 525 592 570 634; x_wconf 87' lang='lat' dir='ltr'><strong>Si</strong></span> <span class='ocrx_word' id='word_1_41' title='bbox 589 606 731 635; x_wconf 85' lang='lat' dir='ltr'><strong>omnes</strong></span> <span class='ocrx_word' id='word_1_42' title='bbox 750 600 833 635; x_wconf 87' lang='lat' dir='ltr'><strong>tres</strong></span> <span class='ocrx_word' id='word_1_43' title='bbox 853 599 1081 649; x_wconf 83' lang='lat' dir='ltr'><strong>aequantur,</strong></span> <span class='ocrx_word' id='word_1_44' title='bbox 1111 590 1315 634; x_wconf 86' lang='lat' dir='ltr'>locabitur</span> <span class='ocrx_word' id='word_1_45' title='bbox 1333 597 1535 646; x_wconf 89' lang='lat' dir='ltr'><strong>punctum</strong></span> <span class='ocrx_word' id='word_1_46' title='bbox 1558 590 1592 631; x_wconf 95' lang='lat' dir='ltr'>Z</span> <span class='ocrx_word' id='word_1_47' title='bbox 1611 589 1654 631; x_wconf 93' lang='lat' dir='ltr'><strong>in</strong></span> <span class='ocrx_word' id='word_1_48' title='bbox 1674 599 1817 632; x_wconf 91' lang='lat' dir='ltr'><strong>centro</strong></span> <span class='ocrx_word' id='word_1_49' title='bbox 1838 591 1982 634; x_wconf 87' lang='lat' dir='ltr'><strong>circuli</strong></span> 
     </span>
     <span class='ocr_line' id='line_1_6' title="bbox 282 666 1978 720; baseline 0.002 -14"><span class='ocrx_word' id='word_1_50' title='bbox 282 678 358 720; x_wconf 86' lang='lat' dir='ltr'><strong>per</strong></span> <span class='ocrx_word' id='word_1_51' title='bbox 375 672 530 720; x_wconf 83' lang='lat' dir='ltr'><strong>puncta</strong></span> <span class='ocrx_word' id='word_1_52' title='bbox 549 667 604 716; x_wconf 88' lang='lat' dir='ltr'><strong>A,</strong></span> <span class='ocrx_word' id='word_1_53' title='bbox 627 667 678 718; x_wconf 93' lang='lat' dir='ltr'><strong>B,</strong></span> <span class='ocrx_word' id='word_1_54' title='bbox 702 666 738 708; x_wconf 91' lang='lat' dir='ltr'>C</span> <span class='ocrx_word' id='word_1_55' title='bbox 758 667 1020 708; x_wconf 85' lang='lat' dir='ltr'><strong>transeuntis.</strong></span> <span class='ocrx_word' id='word_1_56' title='bbox 1081 666 1137 716; x_wconf 84' lang='lat' dir='ltr'><strong>Q.</strong></span> <span class='ocrx_word' id='word_1_57' title='bbox 1158 681 1193 708; x_wconf 83' lang='lat' dir='ltr'><strong>e.</strong></span> <span class='ocrx_word' id='word_1_58' title='bbox 1213 666 1242 708; x_wconf 86' lang='lat' dir='ltr'><strong>i.</strong></span> <span class='ocrx_word' id='word_1_59' title='bbox 1975 672 1978 675; x_wconf 73' lang='grc'>’</span> 
     </span>
    </p>

    <p class='ocr_par' dir='ltr' id='par_1_4' title="bbox 283 726 1982 851">
     <span class='ocr_line' id='line_1_7' title="bbox 343 726 1982 792; baseline 0 -14"><span class='ocrx_word' id='word_1_60' title='bbox 343 735 523 778; x_wconf 90' lang='lat' dir='ltr'><strong>Solvitur</strong></span> <span class='ocrx_word' id='word_1_61' title='bbox 541 736 664 778; x_wconf 84' lang='lat' dir='ltr'><strong>etiam</strong></span> <span class='ocrx_word' id='word_1_62' title='bbox 681 735 762 778; x_wconf 89' lang='lat' dir='ltr'><strong>hoc</strong></span> <span class='ocrx_word' id='word_1_63' title='bbox 781 737 930 779; x_wconf 85' lang='lat' dir='ltr'><strong>lemma</strong></span> <span class='ocrx_word' id='word_1_64' title='bbox 948 735 1292 792; x_wconf 84' lang='lat' dir='ltr'><strong>problematicum</strong></span> <span class='ocrx_word' id='word_1_65' title='bbox 1310 748 1387 791; x_wconf 87' lang='lat' dir='ltr'><strong>per</strong></span> <span class='ocrx_word' id='word_1_66' title='bbox 1405 734 1558 778; x_wconf 86' lang='lat' dir='ltr'><strong>librum</strong></span> <span class='ocrx_word' id='word_1_67' title='bbox 1578 735 1832 778; x_wconf 69' lang='lat' dir='ltr'><strong>Tacfionum</strong></span> <span class='ocrx_word' id='word_1_68' title='bbox 1852 726 1982 791; x_wconf 65' lang='lat' dir='ltr'><em>Apol-</em></span> 
     </span>
     <span class='ocr_line' id='line_1_8' title="bbox 283 806 835 851; baseline 0.005 -4"><span class='ocrx_word' id='word_1_69' title='bbox 283 806 386 848; x_wconf 78' lang='lat' dir='ltr'><strong>lonii</strong></span> <span class='ocrx_word' id='word_1_70' title='bbox 404 822 429 848; x_wconf 84' lang='lat' dir='ltr'><strong>a</strong></span> <span class='ocrx_word' id='word_1_71' title='bbox 453 807 570 850; x_wconf 81' lang='lat' dir='ltr'><strong>Vieta</strong></span> <span class='ocrx_word' id='word_1_72' title='bbox 589 807 835 851; x_wconf 79' lang='lat' dir='ltr'><strong>restitutum.</strong></span> 
     </span>
    </p>
   </div>
   <div class='ocr_carea' id='block_1_3' title="bbox 567 957 1685 1003">
    <p class='ocr_par' dir='ltr' id='par_1_5' title="bbox 567 957 1685 1003">
     <span class='ocr_line' id='line_1_9' title="bbox 567 957 1685 1003; baseline -0.001 -1"><span class='ocrx_word' id='word_1_73' title='bbox 567 957 943 1003; x_wconf 89' lang='lat' dir='ltr'><strong>PROPOSITIO</strong></span> <span class='ocrx_word' id='word_1_74' title='bbox 972 960 1102 1003; x_wconf 87' lang='lat' dir='ltr'><strong>XXI.</strong></span> <span class='ocrx_word' id='word_1_75' title='bbox 1163 958 1523 1002; x_wconf 86' lang='lat' dir='ltr'><strong>THEOREMA</strong></span> <span class='ocrx_word' id='word_1_76' title='bbox 1553 957 1685 1001; x_wconf 88' lang='lat' dir='ltr'>XIII.</span> 
     </span>
    </p>
   </div>
   <div class='ocr_carea' id='block_1_4' title="bbox 287 1055 1976 1185">
    <p class='ocr_par' dir='ltr' id='par_1_6' title="bbox 287 1055 1976 1185">
     <span class='ocr_line' id='line_1_10' title="bbox 287 1055 1976 1114; baseline 0 -14"><span class='ocrx_word' id='word_1_77' title='bbox 287 1055 575 1114; x_wconf 63' lang='lat' dir='ltr'><strong>Trcfjectoriam</strong></span> <span class='ocrx_word' id='word_1_78' title='bbox 602 1059 709 1102; x_wconf 82' lang='lat' dir='ltr'><strong>circa</strong></span> <span class='ocrx_word' id='word_1_79' title='bbox 739 1061 874 1102; x_wconf 81' lang='lat' dir='ltr'><strong>datum</strong></span> <span class='ocrx_word' id='word_1_80' title='bbox 901 1059 1121 1100; x_wconf 78' lang='lat' dir='ltr'><em>umbilicum</em></span> <span class='ocrx_word' id='word_1_81' title='bbox 1149 1057 1375 1108; x_wconf 81' lang='lat' dir='ltr'><em>describere,</em></span> <span class='ocrx_word' id='word_1_82' title='bbox 1410 1069 1498 1111; x_wconf 70' lang='lat' dir='ltr'><strong>quae</strong></span> <span class='ocrx_word' id='word_1_83' title='bbox 1516 1055 1707 1098; x_wconf 77' lang='lat' dir='ltr'><em>transibit</em></span> <span class='ocrx_word' id='word_1_84' title='bbox 1724 1068 1805 1111; x_wconf 79' lang='lat' dir='ltr'><strong>per</strong></span> <span class='ocrx_word' id='word_1_85' title='bbox 1821 1063 1976 1111; x_wconf 78' lang='lat' dir='ltr'><strong>puncta</strong></span> 
     </span>
     <span class='ocr_line' id='line_1_11' title="bbox 692 1129 1572 1185; baseline -0.007 -11"><span class='ocrx_word' id='word_1_86' title='bbox 692 1130 790 1174; x_wconf 83' lang='lat' dir='ltr'><strong>data</strong></span> <span class='ocrx_word' id='word_1_87' title='bbox 810 1139 848 1173; x_wconf 84' lang='lat' dir='ltr'><strong>et</strong></span> <span class='ocrx_word' id='word_1_88' title='bbox 866 1138 993 1173; x_wconf 81' lang='lat' dir='ltr'><strong>rectas</strong></span> <span class='ocrx_word' id='word_1_89' title='bbox 1004 1132 1205 1185; x_wconf 78' lang='lat' dir='ltr'><em>positione</em></span> <span class='ocrx_word' id='word_1_90' title='bbox 1225 1132 1341 1171; x_wconf 78' lang='lat' dir='ltr'><strong>datas</strong></span> <span class='ocrx_word' id='word_1_91' title='bbox 1359 1129 1572 1183; x_wconf 81' lang='lat' dir='ltr'><strong>continget.</strong></span> 
     </span>
    </p>
   </div>
   <div class='ocr_carea' id='block_1_5' title="bbox 278 1227 1979 2297">
    <p class='ocr_par' dir='ltr' id='par_1_7' title="bbox 278 1227 1979 2297">
     <span class='ocr_line' id='line_1_12' title="bbox 339 1227 1333 1307; baseline -0.001 -37"><span class='ocrx_word' id='word_1_92' title='bbox 339 1228 479 1270; x_wconf 84' lang='lat' dir='ltr'><strong>Detur</strong></span> <span class='ocrx_word' id='word_1_93' title='bbox 498 1227 716 1270; x_wconf 75' lang='lat' dir='ltr'><strong>umbilicus</strong></span> <span class='ocrx_word' id='word_1_94' title='bbox 739 1229 782 1279; x_wconf 88' lang='lat' dir='ltr'><strong>S,</strong></span> <span class='ocrx_word' id='word_1_95' title='bbox 811 1237 1012 1284; x_wconf 89' lang='lat' dir='ltr'><strong>punctum</strong></span> <span class='ocrx_word' id='word_1_96' title='bbox 1033 1229 1083 1279; x_wconf 91' lang='lat' dir='ltr'><strong>P,</strong></span> <span class='ocrx_word' id='word_1_97' title='bbox 1112 1235 1159 1270; x_wconf 86' lang='lat' dir='ltr'><strong>et</strong></span> <span class='ocrx_word' id='word_1_98' title='bbox 1242 1259 1333 1307; x_wconf 32' lang='grc' dir='ltr'><strong>ΥΫ,</strong></span> 
     </span>
     <span class='ocr_line' id='line_1_13' title="bbox 283 1290 1353 1356; baseline 0 -16"><span class='ocrx_word' id='word_1_99' title='bbox 283 1305 457 1356; x_wconf 82' lang='lat' dir='ltr'><strong>tangens</strong></span> <span class='ocrx_word' id='word_1_100' title='bbox 478 1299 520 1341; x_wconf 92' lang='lat' dir='ltr'>T</span> <span class='ocrx_word' id='word_1_101' title='bbox 535 1299 590 1351; x_wconf 87' lang='lat' dir='ltr'><strong>R,</strong></span> <span class='ocrx_word' id='word_1_102' title='bbox 612 1306 654 1341; x_wconf 87' lang='lat' dir='ltr'><strong>et</strong></span> <span class='ocrx_word' id='word_1_103' title='bbox 666 1296 937 1342; x_wconf 87' lang='lat' dir='ltr'><strong>inveniendus</strong></span> <span class='ocrx_word' id='word_1_104' title='bbox 953 1300 1005 1342; x_wconf 85' lang='lat' dir='ltr'><strong>sit</strong></span> <span class='ocrx_word' id='word_1_105' title='bbox 1017 1299 1150 1341; x_wconf 88' lang='lat' dir='ltr'><strong>umbi·</strong></span> <span class='ocrx_word' id='word_1_106' title='bbox 1310 1298 1317 1304; x_wconf 84' lang='lat'>&#39;</span> <span class='ocrx_word' id='word_1_107' title='bbox 1335 1290 1353 1301; x_wconf 56' lang='lat'><strong>&#39;⁹</strong></span> 
     </span>
     <span class='ocr_line' id='line_1_14' title="bbox 283 1368 1155 1427; baseline 0.002 -17"><span class='ocrx_word' id='word_1_108' title='bbox 283 1368 386 1411; x_wconf 75' lang='lat' dir='ltr'><strong>licus</strong></span> <span class='ocrx_word' id='word_1_109' title='bbox 406 1369 508 1411; x_wconf 85' lang='lat' dir='ltr'><strong>alter</strong></span> <span class='ocrx_word' id='word_1_110' title='bbox 530 1370 593 1412; x_wconf 82' lang='lat' dir='ltr'><strong>H.</strong></span> <span class='ocrx_word' id='word_1_111' title='bbox 641 1370 712 1412; x_wconf 86' lang='lat' dir='ltr'><strong>Ad</strong></span> <span class='ocrx_word' id='word_1_112' title='bbox 732 1378 969 1427; x_wconf 80' lang='lat' dir='ltr'><strong>tangentem</strong></span> <span class='ocrx_word' id='word_1_113' title='bbox 985 1368 1155 1412; x_wconf 76' lang='lat' dir='ltr'><strong>demitte</strong></span> 
     </span>
     <span class='ocr_line' id='line_1_15' title="bbox 285 1440 1156 1497; baseline 0.003 -16"><span class='ocrx_word' id='word_1_114' title='bbox 285 1440 625 1495; x_wconf 86' lang='lat' dir='ltr'><strong>perpendiculum</strong></span> <span class='ocrx_word' id='word_1_115' title='bbox 643 1441 673 1484; x_wconf 88' lang='lat' dir='ltr'>S</span> <span class='ocrx_word' id='word_1_116' title='bbox 687 1442 739 1493; x_wconf 88' lang='lat' dir='ltr'><strong>T,</strong></span> <span class='ocrx_word' id='word_1_117' title='bbox 758 1450 799 1484; x_wconf 85' lang='lat' dir='ltr'><strong>et</strong></span> <span class='ocrx_word' id='word_1_118' title='bbox 809 1442 969 1497; x_wconf 88' lang='lat' dir='ltr'><strong>produc</strong></span> <span class='ocrx_word' id='word_1_119' title='bbox 980 1443 1090 1484; x_wconf 87' lang='lat' dir='ltr'><strong>idem</strong></span> <span class='ocrx_word' id='word_1_120' title='bbox 1102 1442 1156 1484; x_wconf 78' lang='lat' dir='ltr'><strong>ad</strong></span> 
     </span>
     <span class='ocr_line' id='line_1_16' title="bbox 283 1513 1145 1575; baseline 0.015 -22"><span class='ocrx_word' id='word_1_121' title='bbox 283 1513 339 1564; x_wconf 85' lang='lat' dir='ltr'><strong>Y,</strong></span> <span class='ocrx_word' id='word_1_122' title='bbox 353 1521 400 1555; x_wconf 91' lang='lat' dir='ltr'><strong>ut</strong></span> <span class='ocrx_word' id='word_1_123' title='bbox 411 1515 463 1556; x_wconf 92' lang='lat' dir='ltr'><strong>sit</strong></span> <span class='ocrx_word' id='word_1_124' title='bbox 477 1515 519 1557; x_wconf 95' lang='lat' dir='ltr'>T</span> <span class='ocrx_word' id='word_1_125' title='bbox 534 1517 576 1559; x_wconf 97' lang='lat' dir='ltr'><strong>Y</strong></span> <span class='ocrx_word' id='word_1_126' title='bbox 589 1519 757 1575; x_wconf 81' lang='lat' dir='ltr'><strong>aequalis</strong></span> <span class='ocrx_word' id='word_1_127' title='bbox 773 1521 803 1562; x_wconf 91' lang='lat' dir='ltr'>S</span> <span class='ocrx_word' id='word_1_128' title='bbox 817 1520 871 1572; x_wconf 95' lang='lat' dir='ltr'><strong>T,</strong></span> <span class='ocrx_word' id='word_1_129' title='bbox 894 1528 934 1564; x_wconf 90' lang='lat' dir='ltr'><strong>et</strong></span> <span class='ocrx_word' id='word_1_130' title='bbox 949 1522 1027 1564; x_wconf 88' lang='lat' dir='ltr'><strong>erit</strong></span> <span class='ocrx_word' id='word_1_131' title='bbox 1038 1519 1081 1565; x_wconf 97' lang='lat' dir='ltr'>Y</span> <span class='ocrx_word' id='word_1_132' title='bbox 1094 1523 1145 1566; x_wconf 95' lang='lat' dir='ltr'>H</span> 
     </span>
     <span class='ocr_line' id='line_1_17' title="bbox 281 1584 1141 1648; baseline 0.014 -23"><span class='ocrx_word' id='word_1_133' title='bbox 281 1584 453 1641; x_wconf 74' lang='lat' dir='ltr'><strong>aequalis</strong></span> <span class='ocrx_word' id='word_1_134' title='bbox 484 1588 556 1629; x_wconf 12' lang='lat' dir='ltr'><strong>axii</strong></span> <span class='ocrx_word' id='word_1_135' title='bbox 584 1590 816 1646; x_wconf 76' lang='lat' dir='ltr'><strong>principali.</strong></span> <span class='ocrx_word' id='word_1_136' title='bbox 859 1593 998 1648; x_wconf 84' lang='lat' dir='ltr'><strong>Junge</strong></span> <span class='ocrx_word' id='word_1_137' title='bbox 1031 1594 1063 1636; x_wconf 87' lang='lat' dir='ltr'>S</span> <span class='ocrx_word' id='word_1_138' title='bbox 1092 1594 1141 1645; x_wconf 92' lang='lat' dir='ltr'><strong>P,</strong></span> 
     </span>
     <span class='ocr_line' id='line_1_18' title="bbox 286 1655 1159 1708; baseline 0.003 -10"><span class='ocrx_word' id='word_1_139' title='bbox 286 1657 336 1699; x_wconf 97' lang='lat' dir='ltr'>H</span> <span class='ocrx_word' id='word_1_140' title='bbox 350 1657 399 1708; x_wconf 91' lang='lat' dir='ltr'><strong>P,</strong></span> <span class='ocrx_word' id='word_1_141' title='bbox 419 1665 460 1699; x_wconf 88' lang='lat' dir='ltr'><strong>et</strong></span> <span class='ocrx_word' id='word_1_142' title='bbox 475 1658 552 1699; x_wconf 85' lang='lat' dir='ltr'><strong>erit</strong></span> <span class='ocrx_word' id='word_1_143' title='bbox 575 1659 606 1701; x_wconf 88' lang='lat' dir='ltr'>S</span> <span class='ocrx_word' id='word_1_144' title='bbox 624 1659 664 1700; x_wconf 68' lang='lat' dir='ltr'><strong>Pv</strong></span> <span class='ocrx_word' id='word_1_145' title='bbox 679 1658 909 1701; x_wconf 83' lang='lat' dir='ltr'><strong>differentia</strong></span> <span class='ocrx_word' id='word_1_146' title='bbox 929 1655 1039 1701; x_wconf 80' lang='lat' dir='ltr'><strong>inter</strong></span> <span class='ocrx_word' id='word_1_147' title='bbox 1056 1658 1105 1700; x_wconf 95' lang='lat' dir='ltr'>H</span> <span class='ocrx_word' id='word_1_148' title='bbox 1121 1659 1159 1701; x_wconf 93' lang='lat' dir='ltr'>P</span> 
     </span>
     <span class='ocr_line' id='line_1_19' title="bbox 282 1726 1979 1786; baseline 0 -16"><span class='ocrx_word' id='word_1_149' title='bbox 282 1735 324 1770; x_wconf 77' lang='lat' dir='ltr'><strong>et</strong></span> <span class='ocrx_word' id='word_1_150' title='bbox 351 1743 473 1771; x_wconf 83' lang='lat' dir='ltr'><strong>axem</strong></span> <span class='ocrx_word' id='word_1_151' title='bbox 501 1730 784 1786; x_wconf 83' lang='lat' dir='ltr'><strong>principalem.</strong></span> <span class='ocrx_word' id='word_1_152' title='bbox 845 1731 900 1786; x_wconf 81' lang='lat'><strong>(¹¹)</strong></span> <span class='ocrx_word' id='word_1_153' title='bbox 921 1729 1020 1772; x_wconf 90' lang='lat' dir='ltr'><strong>Hoc</strong></span> <span class='ocrx_word' id='word_1_154' title='bbox 1047 1730 1173 1771; x_wconf 87' lang='lat' dir='ltr'><strong>modo</strong></span> <span class='ocrx_word' id='word_1_155' title='bbox 1202 1730 1237 1771; x_wconf 91' lang='lat' dir='ltr'><strong>si</strong></span> <span class='ocrx_word' id='word_1_156' title='bbox 1265 1726 1416 1771; x_wconf 77' lang='lat' dir='ltr'><strong>dentur</strong></span> <span class='ocrx_word' id='word_1_157' title='bbox 1442 1726 1586 1785; x_wconf 75' lang='lat' dir='ltr'><strong>plures</strong></span> <span class='ocrx_word' id='word_1_158' title='bbox 1616 1735 1830 1786; x_wconf 74' lang='lat' dir='ltr'><strong>tangentes</strong></span> <span class='ocrx_word' id='word_1_159' title='bbox 1852 1728 1894 1770; x_wconf 88' lang='lat' dir='ltr'>T</span> <span class='ocrx_word' id='word_1_160' title='bbox 1921 1728 1979 1779; x_wconf 85' lang='lat' dir='ltr'><strong>R,</strong></span> 
     </span>
     <span class='ocr_line' id='line_1_20' title="bbox 279 1799 1977 1857; baseline -0.001 -14"><span class='ocrx_word' id='word_1_161' title='bbox 279 1800 346 1843; x_wconf 83' lang='lat' dir='ltr'><strong>vel</strong></span> <span class='ocrx_word' id='word_1_162' title='bbox 363 1801 485 1856; x_wconf 82' lang='lat' dir='ltr'><strong>plura</strong></span> <span class='ocrx_word' id='word_1_163' title='bbox 502 1810 657 1857; x_wconf 82' lang='lat' dir='ltr'><strong>puncta</strong></span> <span class='ocrx_word' id='word_1_164' title='bbox 678 1803 726 1853; x_wconf 87' lang='lat' dir='ltr'><strong>P,</strong></span> <span class='ocrx_word' id='word_1_165' title='bbox 758 1802 996 1844; x_wconf 85' lang='lat' dir='ltr'><strong>devenietur</strong></span> <span class='ocrx_word' id='word_1_166' title='bbox 1025 1814 1187 1857; x_wconf 84' lang='lat' dir='ltr'><strong>semper</strong></span> <span class='ocrx_word' id='word_1_167' title='bbox 1207 1802 1260 1843; x_wconf 73' lang='lat' dir='ltr'><strong>ad</strong></span> <span class='ocrx_word' id='word_1_168' title='bbox 1279 1799 1408 1843; x_wconf 85' lang='lat' dir='ltr'><strong>lineas</strong></span> <span class='ocrx_word' id='word_1_169' title='bbox 1428 1799 1601 1844; x_wconf 81' lang='lat' dir='ltr'><strong>totidem</strong></span> <span class='ocrx_word' id='word_1_170' title='bbox 1619 1801 1661 1844; x_wconf 95' lang='lat' dir='ltr'>Y</span> <span class='ocrx_word' id='word_1_171' title='bbox 1683 1800 1748 1852; x_wconf 80' lang='lat' dir='ltr'><strong>H,</strong></span> <span class='ocrx_word' id='word_1_172' title='bbox 1767 1801 1833 1843; x_wconf 71' lang='lat' dir='ltr'><strong>vel</strong></span> <span class='ocrx_word' id='word_1_173' title='bbox 1854 1801 1890 1843; x_wconf 92' lang='lat' dir='ltr'><strong>P</strong></span> <span class='ocrx_word' id='word_1_174' title='bbox 1912 1801 1977 1852; x_wconf 93' lang='lat' dir='ltr'><strong>H,</strong></span> 
     </span>
     <span class='ocr_line' id='line_1_21' title="bbox 281 1871 1976 1930; baseline -0.001 -14"><span class='ocrx_word' id='word_1_175' title='bbox 281 1888 306 1916; x_wconf 83' lang='lat' dir='ltr'>a</span> <span class='ocrx_word' id='word_1_176' title='bbox 321 1874 440 1915; x_wconf 89' lang='lat' dir='ltr'><strong>dictis</strong></span> <span class='ocrx_word' id='word_1_177' title='bbox 459 1875 627 1930; x_wconf 85' lang='lat' dir='ltr'><strong>punctis</strong></span> <span class='ocrx_word' id='word_1_178' title='bbox 637 1875 679 1916; x_wconf 94' lang='lat' dir='ltr'>Y</span> <span class='ocrx_word' id='word_1_179' title='bbox 696 1875 761 1917; x_wconf 89' lang='lat' dir='ltr'><strong>vel</strong></span> <span class='ocrx_word' id='word_1_180' title='bbox 778 1875 814 1916; x_wconf 93' lang='lat' dir='ltr'><strong>P</strong></span> <span class='ocrx_word' id='word_1_181' title='bbox 829 1875 881 1916; x_wconf 84' lang='lat' dir='ltr'><strong>ad</strong></span> <span class='ocrx_word' id='word_1_182' title='bbox 901 1874 1140 1916; x_wconf 87' lang='lat' dir='ltr'><strong>umbilicum</strong></span> <span class='ocrx_word' id='word_1_183' title='bbox 1158 1875 1207 1916; x_wconf 94' lang='lat' dir='ltr'>H</span> <span class='ocrx_word' id='word_1_184' title='bbox 1219 1874 1374 1925; x_wconf 77' lang='lat' dir='ltr'><strong>ductas,</strong></span> <span class='ocrx_word' id='word_1_185' title='bbox 1398 1887 1490 1930; x_wconf 90' lang='lat' dir='ltr'><strong>quae</strong></span> <span class='ocrx_word' id='word_1_186' title='bbox 1501 1874 1567 1916; x_wconf 86' lang='lat' dir='ltr'><strong>vel</strong></span> <span class='ocrx_word' id='word_1_187' title='bbox 1582 1882 1800 1930; x_wconf 83' lang='lat' dir='ltr'><strong>aequantur</strong></span> <span class='ocrx_word' id='word_1_188' title='bbox 1814 1871 1976 1919; x_wconf 68' lang='lat' dir='ltr'><strong>axibus,</strong></span> 
     </span>
     <span class='ocr_line' id='line_1_22' title="bbox 278 1944 1979 2005; baseline -0.002 -16"><span class='ocrx_word' id='word_1_189' title='bbox 278 1946 345 1989; x_wconf 81' lang='lat' dir='ltr'><strong>vel</strong></span> <span class='ocrx_word' id='word_1_190' title='bbox 376 1947 481 1989; x_wconf 84' lang='lat' dir='ltr'><strong>datis</strong></span> <span class='ocrx_word' id='word_1_191' title='bbox 515 1947 843 2005; x_wconf 86' lang='lat' dir='ltr'><strong>longitudinibus</strong></span> <span class='ocrx_word' id='word_1_192' title='bbox 875 1949 904 1991; x_wconf 91' lang='lat' dir='ltr'>S</span> <span class='ocrx_word' id='word_1_193' title='bbox 933 1947 970 1990; x_wconf 89' lang='lat' dir='ltr'><strong>P</strong></span> <span class='ocrx_word' id='word_1_194' title='bbox 998 1947 1193 1989; x_wconf 85' lang='lat' dir='ltr'><strong>differunt</strong></span> <span class='ocrx_word' id='word_1_195' title='bbox 1223 1944 1275 1989; x_wconf 87' lang='lat' dir='ltr'><strong>ab</strong></span> <span class='ocrx_word' id='word_1_196' title='bbox 1307 1947 1465 1997; x_wconf 87' lang='lat' dir='ltr'><strong>iisdem,</strong></span> <span class='ocrx_word' id='word_1_197' title='bbox 1499 1956 1622 2003; x_wconf 84' lang='lat' dir='ltr'><strong>atque</strong></span> <span class='ocrx_word' id='word_1_198' title='bbox 1654 1945 1752 1987; x_wconf 76' lang='lat' dir='ltr'><strong>ideo</strong></span> <span class='ocrx_word' id='word_1_199' title='bbox 1785 1954 1884 2002; x_wconf 73' lang='lat' dir='ltr'><strong>quae</strong></span> <span class='ocrx_word' id='word_1_200' title='bbox 1912 1945 1979 1987; x_wconf 80' lang='lat' dir='ltr'><strong>vel</strong></span> 
     </span>
     <span class='ocr_line' id='line_1_23' title="bbox 280 2017 1978 2077; baseline -0.002 -17"><span class='ocrx_word' id='word_1_201' title='bbox 280 2027 498 2077; x_wconf 79' lang='lat' dir='ltr'><strong>aequantur</strong></span> <span class='ocrx_word' id='word_1_202' title='bbox 517 2020 802 2072; x_wconf 76' lang='lat' dir='ltr'><strong>sibijnvicem,</strong></span> <span class='ocrx_word' id='word_1_203' title='bbox 833 2020 899 2062; x_wconf 87' lang='lat' dir='ltr'><strong>vel</strong></span> <span class='ocrx_word' id='word_1_204' title='bbox 919 2020 1035 2062; x_wconf 84' lang='lat' dir='ltr'><strong>datas</strong></span> <span class='ocrx_word' id='word_1_205' title='bbox 1054 2019 1208 2061; x_wconf 85' lang='lat' dir='ltr'><strong>habent</strong></span> <span class='ocrx_word' id='word_1_206' title='bbox 1227 2017 1476 2061; x_wconf 81' lang='lat' dir='ltr'><strong>differentias</strong></span> <span class='ocrx_word' id='word_1_207' title='bbox 1487 2033 1499 2068; x_wconf 92' lang='lat'>;</span> <span class='ocrx_word' id='word_1_208' title='bbox 1530 2026 1572 2059; x_wconf 85' lang='lat' dir='ltr'><strong>et</strong></span> <span class='ocrx_word' id='word_1_209' title='bbox 1590 2017 1703 2067; x_wconf 84' lang='lat' dir='ltr'><strong>inde,</strong></span> <span class='ocrx_word' id='word_1_210' title='bbox 1732 2028 1808 2072; x_wconf 86' lang='lat' dir='ltr'><strong>per</strong></span> <span class='ocrx_word' id='word_1_211' title='bbox 1826 2017 1978 2058; x_wconf 69' lang='lat' dir='ltr'><strong>lemma</strong></span> 
     </span>
     <span class='ocr_line' id='line_1_24' title="bbox 282 2087 1978 2149; baseline -0.002 -15"><span class='ocrx_word' id='word_1_212' title='bbox 282 2093 483 2149; x_wconf 89' lang='lat' dir='ltr'><strong>superius,</strong></span> <span class='ocrx_word' id='word_1_213' title='bbox 506 2094 629 2136; x_wconf 83' lang='lat' dir='ltr'><strong>datur</strong></span> <span class='ocrx_word' id='word_1_214' title='bbox 642 2094 858 2136; x_wconf 85' lang='lat' dir='ltr'><strong>umbilicus</strong></span> <span class='ocrx_word' id='word_1_215' title='bbox 879 2092 947 2135; x_wconf 85' lang='lat' dir='ltr'><strong>ille</strong></span> <span class='ocrx_word' id='word_1_216' title='bbox 966 2093 1069 2135; x_wconf 85' lang='lat' dir='ltr'><strong>alter</strong></span> <span class='ocrx_word' id='word_1_217' title='bbox 1090 2092 1151 2135; x_wconf 88' lang='lat' dir='ltr'><strong>H.</strong></span> <span class='ocrx_word' id='word_1_218' title='bbox 1213 2089 1381 2135; x_wconf 82' lang='lat' dir='ltr'><strong>Habitis</strong></span> <span class='ocrx_word' id='word_1_219' title='bbox 1401 2100 1539 2134; x_wconf 81' lang='lat' dir='ltr'><strong>autem</strong></span> <span class='ocrx_word' id='word_1_220' title='bbox 1558 2087 1766 2133; x_wconf 77' lang='lat' dir='ltr'><strong>umbilicis</strong></span> <span class='ocrx_word' id='word_1_221' title='bbox 1781 2098 1866 2132; x_wconf 63' lang='lat' dir='ltr'><strong>una</strong></span> <span class='ocrx_word' id='word_1_222' title='bbox 1883 2098 1978 2132; x_wconf 72' lang='lat' dir='ltr'><strong>cum</strong></span> 
     </span>
     <span class='ocr_line' id='line_1_25' title="bbox 281 2161 1977 2225; baseline -0.001 -18"><span class='ocrx_word' id='word_1_223' title='bbox 281 2165 371 2207; x_wconf 76' lang='lat' dir='ltr'><strong>axis</strong></span> <span class='ocrx_word' id='word_1_224' title='bbox 400 2165 658 2225; x_wconf 86' lang='lat' dir='ltr'><strong>longitudine</strong></span> <span class='ocrx_word' id='word_1_225' title='bbox 688 2169 798 2224; x_wconf 88' lang='lat' dir='ltr'><strong>(quae</strong></span> <span class='ocrx_word' id='word_1_226' title='bbox 826 2167 892 2209; x_wconf 85' lang='lat' dir='ltr'><strong>vel</strong></span> <span class='ocrx_word' id='word_1_227' title='bbox 918 2174 981 2209; x_wconf 87' lang='lat' dir='ltr'><strong>est</strong></span> <span class='ocrx_word' id='word_1_228' title='bbox 998 2167 1041 2208; x_wconf 92' lang='lat' dir='ltr'>Y</span> <span class='ocrx_word' id='word_1_229' title='bbox 1062 2167 1133 2216; x_wconf 88' lang='lat' dir='ltr'><strong>H;</strong></span> <span class='ocrx_word' id='word_1_230' title='bbox 1163 2165 1240 2217; x_wconf 86' lang='lat' dir='ltr'><strong>vel,</strong></span> <span class='ocrx_word' id='word_1_231' title='bbox 1272 2166 1306 2207; x_wconf 89' lang='lat' dir='ltr'><strong>si</strong></span> <span class='ocrx_word' id='word_1_232' title='bbox 1326 2165 1559 2221; x_wconf 77' lang='lat' dir='ltr'><strong>trajecto‘ria</strong></span> <span class='ocrx_word' id='word_1_233' title='bbox 1588 2164 1745 2221; x_wconf 81' lang='lat' dir='ltr'><strong>ellipsis</strong></span> <span class='ocrx_word' id='word_1_234' title='bbox 1762 2167 1836 2215; x_wconf 73' lang='lat' dir='ltr'><strong>est,</strong></span> <span class='ocrx_word' id='word_1_235' title='bbox 1869 2161 1977 2206; x_wconf 85' lang='grc' dir='ltr'><strong>ΡΗ</strong></span> 
     </span>
     <span class='ocr_line' id='line_1_26' title="bbox 283 2235 1829 2297; baseline -0.002 -16"><span class='ocrx_word' id='word_1_236' title='bbox 283 2244 327 2288; x_wconf 73' lang='grc' dir='ltr'><strong>-Ι-</strong></span> <span class='ocrx_word' id='word_1_237' title='bbox 352 2239 381 2282; x_wconf 90' lang='lat' dir='ltr'>S</span> <span class='ocrx_word' id='word_1_238' title='bbox 404 2238 463 2290; x_wconf 87' lang='lat' dir='ltr'><strong>P;</strong></span> <span class='ocrx_word' id='word_1_239' title='bbox 495 2241 559 2282; x_wconf 90' lang='lat' dir='ltr'><strong>sin</strong></span> <span class='ocrx_word' id='word_1_240' title='bbox 577 2239 817 2297; x_wconf 84' lang='lat' dir='ltr'><strong>hyperbola,</strong></span> <span class='ocrx_word' id='word_1_241' title='bbox 842 2240 878 2282; x_wconf 84' lang='lat' dir='ltr'><strong>P</strong></span> <span class='ocrx_word' id='word_1_242' title='bbox 900 2238 950 2283; x_wconf 91' lang='lat' dir='ltr'>H</span> <span class='ocrx_word' id='word_1_243' title='bbox 968 2265 1026 2273; x_wconf 88' lang='lat'><strong>—-</strong></span> <span class='ocrx_word' id='word_1_244' title='bbox 1047 2241 1078 2282; x_wconf 83' lang='lat' dir='ltr'>S</span> <span class='ocrx_word' id='word_1_245' title='bbox 1100 2239 1152 2292; x_wconf 94' lang='lat' dir='ltr'><strong>P)</strong></span> <span class='ocrx_word' id='word_1_246' title='bbox 1171 2239 1348 2281; x_wconf 82' lang='lat' dir='ltr'><strong>habetur</strong></span> <span class='ocrx_word' id='word_1_247' title='bbox 1369 2235 1613 2296; x_wconf 51' lang='lat' dir='ltr'><strong>&amp;ajectori&#39;a</strong></span> <span class='ocrx_word' id='word_1_248' title='bbox 1673 2236 1729 2288; x_wconf 83' lang='lat' dir='ltr'><strong>Q.</strong></span> <span class='ocrx_word' id='word_1_249' title='bbox 1751 2253 1787 2280; x_wconf 78' lang='lat' dir='ltr'><strong>e.</strong></span> <span class='ocrx_word' id='word_1_250' title='bbox 1802 2236 1829 2278; x_wconf 82' lang='lat' dir='ltr'><strong>i.</strong></span> 
     </span>
    </p>
   </div>
   <div class='ocr_carea' id='block_1_6' title="bbox 1047 1277 1968 2952">
    <p class='ocr_par' dir='ltr' id='par_1_8' title="bbox 1047 1277 1968 2952">
     <span class='ocr_line' id='line_1_27' title="bbox 1207 1277 1967 1706; baseline 0 -375"><span class='ocrx_word' id='word_1_251' title='bbox 1207 1331 1967 1706; x_wconf 95' lang='lat' dir='ltr'><strong>  </strong></span> <span class='ocrx_word' id='word_1_252' title='bbox 1348 1277 1967 1381; x_wconf 95' lang='lat' dir='ltr'><strong>  </strong></span> 
     </span>
     <span class='ocr_line' id='line_1_28' title="bbox 1047 2429 1968 2952; baseline 0 0"><span class='ocrx_word' id='word_1_253' title='bbox 1047 2429 1968 2952; x_wconf 95' lang='lat' dir='ltr'><strong>  </strong></span> 
     </span>
    </p>
   </div>
   <div class='ocr_carea' id='block_1_7' title="bbox 1314 1301 1475 1396">
    <p class='ocr_par' dir='ltr' id='par_1_9' title="bbox 1314 1301 1475 1396">
     <span class='ocr_line' id='line_1_29' title="bbox 1314 1301 1373 1313; baseline 0.017 -1"><span class='ocrx_word' id='word_1_254' title='bbox 1314 1305 1322 1312; x_wconf 82' lang='grc' dir='ltr'><strong><em>ο</em></strong></span> <span class='ocrx_word' id='word_1_255' title='bbox 1355 1301 1373 1313; x_wconf 70' lang='lat'><strong>&#39;-</strong></span> 
     </span>
     <span class='ocr_line' id='line_1_30' title="bbox 1317 1312 1418 1339; baseline 0 -8"><span class='ocrx_word' id='word_1_256' title='bbox 1317 1314 1330 1331; x_wconf 83' lang='lat'><strong>·.</strong></span> <span class='ocrx_word' id='word_1_257' title='bbox 1374 1312 1418 1339; x_wconf 65' lang='grc'><strong>··.,</strong></span> 
     </span>
     <span class='ocr_line' id='line_1_31' title="bbox 1327 1333 1455 1365; baseline 0 0"><span class='ocrx_word' id='word_1_258' title='bbox 1327 1333 1348 1365; x_wconf 58' lang='lat' dir='ltr'><strong>*z</strong></span> <span class='ocrx_word' id='word_1_259' title='bbox 1422 1339 1455 1361; x_wconf 76' lang='lat'><strong>···</strong></span> 
     </span>
     <span class='ocr_line' id='line_1_32' title="bbox 1344 1366 1475 1377; baseline 0 -4"><span class='ocrx_word' id='word_1_260' title='bbox 1344 1366 1354 1377; x_wconf 82' lang='grc'><strong><em>.</em></strong></span> <span class='ocrx_word' id='word_1_261' title='bbox 1468 1366 1475 1373; x_wconf 93' lang='grc'><em>.</em></span> 
     </span>
     <span class='ocr_line' id='line_1_33' title="bbox 1350 1379 1364 1396; baseline 0 0"><span class='ocrx_word' id='word_1_262' title='bbox 1350 1379 1364 1396; x_wconf 59' lang='lat' dir='ltr'><strong>&#39;v</strong></span> 
     </span>
    </p>
   </div>
   <div class='ocr_carea' id='block_1_8' title="bbox 281 2356 1950 3072">
    <p class='ocr_par' dir='ltr' id='par_1_10' title="bbox 281 2356 1950 3072">
     <span class='ocr_line' id='line_1_34' title="bbox 327 2356 1017 2398; baseline 0.001 -11"><span class='ocrx_word' id='word_1_263' title='bbox 327 2356 373 2398; x_wconf 76' lang='lat'><strong>(¹¹)</strong></span> <span class='ocrx_word' id='word_1_264' title='bbox 397 2360 468 2387; x_wconf 81' lang='lat'>301.</span> <span class='ocrx_word' id='word_1_265' title='bbox 502 2356 533 2388; x_wconf 87' lang='lat' dir='ltr'><strong>Si</strong></span> <span class='ocrx_word' id='word_1_266' title='bbox 550 2356 662 2387; x_wconf 79' lang='lat' dir='ltr'><strong>dentur</strong></span> <span class='ocrx_word' id='word_1_267' title='bbox 683 2362 745 2387; x_wconf 78' lang='lat' dir='ltr'><strong>tres</strong></span> <span class='ocrx_word' id='word_1_268' title='bbox 767 2362 936 2398; x_wconf 85' lang='lat' dir='ltr'><strong>tangentes,</strong></span> <span class='ocrx_word' id='word_1_269' title='bbox 963 2357 1017 2388; x_wconf 78' lang='lat' dir='ltr'><strong>da-</strong></span> 
     </span>
     <span class='ocr_line' id='line_1_35' title="bbox 281 2375 1950 2440; baseline 0.001 -10"><span class='ocrx_word' id='word_1_270' title='bbox 281 2399 399 2430; x_wconf 86' lang='lat' dir='ltr'><strong>buntur</strong></span> <span class='ocrx_word' id='word_1_271' title='bbox 426 2399 484 2429; x_wconf 86' lang='lat' dir='ltr'><strong>tria</strong></span> <span class='ocrx_word' id='word_1_272' title='bbox 507 2404 622 2438; x_wconf 83' lang='lat' dir='ltr'><strong>puncta</strong></span> <span class='ocrx_word' id='word_1_273' title='bbox 645 2405 682 2430; x_wconf 85' lang='lat' dir='ltr'><strong>ut</strong></span> <span class='ocrx_word' id='word_1_274' title='bbox 707 2400 747 2436; x_wconf 92' lang='lat' dir='ltr'><strong>Y,</strong></span> <span class='ocrx_word' id='word_1_275' title='bbox 776 2409 813 2429; x_wconf 89' lang='lat' dir='ltr'><strong>ex</strong></span> <span class='ocrx_word' id='word_1_276' title='bbox 838 2399 950 2440; x_wconf 77' lang='lat' dir='ltr'><strong>quibus</strong></span> <span class='ocrx_word' id='word_1_277' title='bbox 977 2400 1018 2431; x_wconf 87' lang='lat' dir='ltr'><strong>ad</strong></span> <span class='ocrx_word' id='word_1_278' title='bbox 1904 2375 1950 2426; x_wconf 75' lang='lat' dir='ltr'>R</span> 
     </span>
     <span class='ocr_line' id='line_1_36' title="bbox 283 2441 1935 2479; baseline 0.002 -8"><span class='ocrx_word' id='word_1_279' title='bbox 283 2441 467 2472; x_wconf 85' lang='lat' dir='ltr'><strong>umbilicum</strong></span> <span class='ocrx_word' id='word_1_280' title='bbox 486 2442 532 2479; x_wconf 91' lang='lat' dir='ltr'><strong>H,</strong></span> <span class='ocrx_word' id='word_1_281' title='bbox 556 2441 749 2472; x_wconf 73' lang='lat' dir='ltr'><strong>inflectendae</strong></span> <span class='ocrx_word' id='word_1_282' title='bbox 764 2447 855 2472; x_wconf 85' lang='lat' dir='ltr'><strong>erunt</strong></span> <span class='ocrx_word' id='word_1_283' title='bbox 869 2449 930 2472; x_wconf 80' lang='lat' dir='ltr'><strong>tros</strong></span> <span class='ocrx_word' id='word_1_284' title='bbox 951 2452 1017 2473; x_wconf 80' lang='lat' dir='ltr'><strong>ree-</strong></span> <span class='ocrx_word' id='word_1_285' title='bbox 1932 2463 1935 2466; x_wconf 42' lang='lat' dir='ltr'><strong><em>s</em></strong></span> 
     </span>
     <span class='ocr_line' id='line_1_37' title="bbox 284 2484 1011 2525; baseline 0.003 -12"><span class='ocrx_word' id='word_1_286' title='bbox 284 2489 324 2514; x_wconf 86' lang='lat' dir='ltr'><strong>tae</strong></span> <span class='ocrx_word' id='word_1_287' title='bbox 341 2484 473 2524; x_wconf 84' lang='lat' dir='ltr'><strong>aequales</strong></span> <span class='ocrx_word' id='word_1_288' title='bbox 487 2490 523 2514; x_wconf 84' lang='lat' dir='ltr'><strong>ut</strong></span> <span class='ocrx_word' id='word_1_289' title='bbox 539 2484 569 2515; x_wconf 92' lang='lat' dir='ltr'>Y</span> <span class='ocrx_word' id='word_1_290' title='bbox 588 2484 633 2521; x_wconf 85' lang='lat' dir='ltr'><strong>H,</strong></span> <span class='ocrx_word' id='word_1_291' title='bbox 657 2484 740 2525; x_wconf 87' lang='lat' dir='ltr'><strong>quod</strong></span> <span class='ocrx_word' id='word_1_292' title='bbox 763 2484 802 2514; x_wconf 63' lang='lat' dir='ltr'><strong>fit.</strong></span> <span class='ocrx_word' id='word_1_293' title='bbox 817 2494 871 2523; x_wconf 90' lang='lat' dir='ltr'><strong>per</strong></span> <span class='ocrx_word' id='word_1_294' title='bbox 895 2484 962 2515; x_wconf 81' lang='lat' dir='ltr'><strong>Cas.</strong></span> <span class='ocrx_word' id='word_1_295' title='bbox 982 2489 1011 2515; x_wconf 81' lang='lat'><strong>3.</strong></span> 
     </span>
     <span class='ocr_line' id='line_1_38' title="bbox 287 2526 1016 2566; baseline 0.001 -10"><span class='ocrx_word' id='word_1_296' title='bbox 287 2526 457 2556; x_wconf 70' lang='lat' dir='ltr'><strong>Lemmatis</strong></span> <span class='ocrx_word' id='word_1_297' title='bbox 492 2526 664 2566; x_wconf 83' lang='lat' dir='ltr'><strong>superioris.</strong></span> <span class='ocrx_word' id='word_1_298' title='bbox 728 2526 760 2557; x_wconf 88' lang='lat' dir='ltr'><strong>Si</strong></span> <span class='ocrx_word' id='word_1_299' title='bbox 797 2526 868 2556; x_wconf 87' lang='lat' dir='ltr'><strong>duae</strong></span> <span class='ocrx_word' id='word_1_300' title='bbox 904 2526 1016 2557; x_wconf 83' lang='lat' dir='ltr'><strong>dentur</strong></span> 
     </span>
     <span class='ocr_line' id='line_1_39' title="bbox 285 2569 1016 2609; baseline 0.001 -11"><span class='ocrx_word' id='word_1_301' title='bbox 285 2575 447 2609; x_wconf 65' lang='lat' dir='ltr'><strong>tangentes</strong></span> <span class='ocrx_word' id='word_1_302' title='bbox 470 2575 500 2599; x_wconf 87' lang='lat' dir='ltr'><strong>et</strong></span> <span class='ocrx_word' id='word_1_303' title='bbox 525 2575 676 2608; x_wconf 80' lang='lat' dir='ltr'><strong>punctum</strong></span> <span class='ocrx_word' id='word_1_304' title='bbox 701 2569 855 2608; x_wconf 85' lang='lat' dir='ltr'><strong>perimetri</strong></span> <span class='ocrx_word' id='word_1_305' title='bbox 876 2569 1016 2599; x_wconf 79' lang='lat' dir='ltr'><strong>sectionis</strong></span> 
     </span>
     <span class='ocr_line' id='line_1_40' title="bbox 288 2610 1016 2650; baseline 0 -9"><span class='ocrx_word' id='word_1_306' title='bbox 288 2610 325 2646; x_wconf 91' lang='lat' dir='ltr'><strong>P,</strong></span> <span class='ocrx_word' id='word_1_307' title='bbox 350 2610 505 2641; x_wconf 87' lang='lat' dir='ltr'><strong>dabuntur</strong></span> <span class='ocrx_word' id='word_1_308' title='bbox 525 2611 588 2641; x_wconf 88' lang='lat' dir='ltr'><strong>duo</strong></span> <span class='ocrx_word' id='word_1_309' title='bbox 609 2617 724 2650; x_wconf 82' lang='lat' dir='ltr'><strong>puncta</strong></span> <span class='ocrx_word' id='word_1_310' title='bbox 738 2617 774 2640; x_wconf 87' lang='lat' dir='ltr'><strong>ut</strong></span> <span class='ocrx_word' id='word_1_311' title='bbox 789 2611 828 2647; x_wconf 91' lang='lat' dir='ltr'><strong>Y,</strong></span> <span class='ocrx_word' id='word_1_312' title='bbox 851 2620 889 2640; x_wconf 84' lang='lat' dir='ltr'><strong>ex</strong></span> <span class='ocrx_word' id='word_1_313' title='bbox 904 2611 1016 2650; x_wconf 83' lang='lat' dir='ltr'><strong>quibus</strong></span> 
     </span>
     <span class='ocr_line' id='line_1_41' title="bbox 286 2652 1015 2690; baseline 0 -7"><span class='ocrx_word' id='word_1_314' title='bbox 286 2653 325 2683; x_wconf 82' lang='lat' dir='ltr'><strong>ad</strong></span> <span class='ocrx_word' id='word_1_315' title='bbox 345 2653 527 2684; x_wconf 88' lang='lat' dir='ltr'><strong>umbilicum</strong></span> <span class='ocrx_word' id='word_1_316' title='bbox 551 2653 596 2690; x_wconf 89' lang='lat' dir='ltr'><strong>H,</strong></span> <span class='ocrx_word' id='word_1_317' title='bbox 622 2652 813 2683; x_wconf 77' lang='lat' dir='ltr'><strong>inflectendae</strong></span> <span class='ocrx_word' id='word_1_318' title='bbox 834 2659 924 2683; x_wconf 85' lang='lat' dir='ltr'><strong>erunt</strong></span> <span class='ocrx_word' id='word_1_319' title='bbox 944 2653 1015 2683; x_wconf 86' lang='lat' dir='ltr'><strong>duae</strong></span> 
     </span>
     <span class='ocr_line' id='line_1_42' title="bbox 285 2694 1015 2735; baseline 0.003 -11"><span class='ocrx_word' id='word_1_320' title='bbox 285 2701 375 2726; x_wconf 84' lang='lat' dir='ltr'><strong>rectae</strong></span> <span class='ocrx_word' id='word_1_321' title='bbox 391 2695 529 2735; x_wconf 55' lang='lat' dir='ltr'><strong>aequales</strong></span> <span class='ocrx_word' id='word_1_322' title='bbox 552 2701 584 2726; x_wconf 87' lang='lat' dir='ltr'><strong>et</strong></span> <span class='ocrx_word' id='word_1_323' title='bbox 598 2694 659 2726; x_wconf 67' lang='lat' dir='ltr'><strong>gum</strong></span> <span class='ocrx_word' id='word_1_324' title='bbox 672 2701 822 2734; x_wconf 79' lang='lat' dir='ltr'><strong>punctum</strong></span> <span class='ocrx_word' id='word_1_325' title='bbox 841 2694 878 2732; x_wconf 82' lang='grc' dir='ltr'><strong>Ρ,</strong></span> <span class='ocrx_word' id='word_1_326' title='bbox 901 2705 937 2724; x_wconf 89' lang='lat' dir='ltr'><strong>ex</strong></span> <span class='ocrx_word' id='word_1_327' title='bbox 952 2705 1015 2735; x_wconf 78' lang='lat' dir='ltr'><strong>quo</strong></span> 
     </span>
     <span class='ocr_line' id='line_1_43' title="bbox 286 2736 1015 2779; baseline 0.001 -13"><span class='ocrx_word' id='word_1_328' title='bbox 286 2737 428 2767; x_wconf 81' lang='lat' dir='ltr'><strong>ducenda</strong></span> <span class='ocrx_word' id='word_1_329' title='bbox 453 2737 480 2768; x_wconf 94' lang='lat' dir='ltr'><strong>P</strong></span> <span class='ocrx_word' id='word_1_330' title='bbox 508 2737 554 2774; x_wconf 92' lang='lat' dir='ltr'><strong>H,</strong></span> <span class='ocrx_word' id='word_1_331' title='bbox 585 2738 673 2779; x_wconf 87' lang='lat' dir='ltr'><strong>cujus</strong></span> <span class='ocrx_word' id='word_1_332' title='bbox 700 2736 871 2767; x_wconf 75' lang='lat' dir='ltr'><strong>differentia</strong></span> <span class='ocrx_word' id='word_1_333' title='bbox 892 2747 911 2767; x_wconf 83' lang='lat' dir='ltr'><strong>a</strong></span> <span class='ocrx_word' id='word_1_334' title='bbox 934 2736 1015 2767; x_wconf 55' lang='lat' dir='ltr'><strong>linea</strong></span> 
     </span>
     <span class='ocr_line' id='line_1_44' title="bbox 289 2779 1015 2818; baseline -0.001 -9"><span class='ocrx_word' id='word_1_335' title='bbox 289 2779 318 2809; x_wconf 91' lang='lat' dir='ltr'>Y</span> <span class='ocrx_word' id='word_1_336' title='bbox 337 2780 380 2814; x_wconf 84' lang='lat' dir='ltr'><strong>H,</strong></span> <span class='ocrx_word' id='word_1_337' title='bbox 404 2785 450 2810; x_wconf 80' lang='lat' dir='ltr'><strong>est</strong></span> <span class='ocrx_word' id='word_1_338' title='bbox 463 2779 534 2810; x_wconf 81' lang='lat' dir='ltr'><strong>data</strong></span> <span class='ocrx_word' id='word_1_339' title='bbox 552 2780 573 2810; x_wconf 92' lang='lat' dir='ltr'>S</span> <span class='ocrx_word' id='word_1_340' title='bbox 589 2780 626 2810; x_wconf 93' lang='lat' dir='ltr'><strong>P.</strong></span> <span class='ocrx_word' id='word_1_341' title='bbox 672 2780 757 2810; x_wconf 88' lang='lat' dir='ltr'><strong>Nam</strong></span> <span class='ocrx_word' id='word_1_342' title='bbox 771 2779 804 2808; x_wconf 78' lang='lat' dir='ltr'><strong>in</strong></span> <span class='ocrx_word' id='word_1_343' title='bbox 819 2779 916 2818; x_wconf 88' lang='lat' dir='ltr'><strong>ellipsi</strong></span> <span class='ocrx_word' id='word_1_344' title='bbox 935 2779 961 2808; x_wconf 93' lang='lat' dir='ltr'><strong>P</strong></span> <span class='ocrx_word' id='word_1_345' title='bbox 979 2779 1015 2809; x_wconf 91' lang='lat' dir='ltr'>H</span> 
     </span>
     <span class='ocr_line' id='line_1_45' title="bbox 287 2820 1015 2862; baseline 0 -11"><span class='ocrx_word' id='word_1_346' title='bbox 287 2821 581 2861; x_wconf 75' lang='lat' dir='ltr'><strong>÷sP=YH‚</strong></span> <span class='ocrx_word' id='word_1_347' title='bbox 603 2820 742 2862; x_wconf 81' lang='lat' dir='ltr'><strong>ade6que</strong></span> <span class='ocrx_word' id='word_1_348' title='bbox 765 2822 795 2851; x_wconf 95' lang='lat' dir='ltr'><strong>Y</strong></span> <span class='ocrx_word' id='word_1_349' title='bbox 819 2821 954 2851; x_wconf 88' lang='lat' dir='ltr'><strong>H-P</strong></span> <span class='ocrx_word' id='word_1_350' title='bbox 977 2821 1015 2851; x_wconf 91' lang='lat' dir='ltr'>H</span> 
     </span>
     <span class='ocr_line' id='line_1_46' title="bbox 286 2863 1014 2904; baseline 0.003 -13"><span class='ocrx_word' id='word_1_351' title='bbox 286 2874 331 2891; x_wconf 92' lang='lat'><strong><em>=</em></strong></span> <span class='ocrx_word' id='word_1_352' title='bbox 350 2864 370 2894; x_wconf 91' lang='lat' dir='ltr'>S</span> <span class='ocrx_word' id='word_1_353' title='bbox 394 2863 441 2901; x_wconf 88' lang='lat' dir='ltr'><strong>P;</strong></span> <span class='ocrx_word' id='word_1_354' title='bbox 470 2865 504 2894; x_wconf 90' lang='lat' dir='ltr'><strong>in</strong></span> <span class='ocrx_word' id='word_1_355' title='bbox 528 2863 694 2904; x_wconf 56' lang='lat' dir='ltr'><strong>hyperbol&amp;</strong></span> <span class='ocrx_word' id='word_1_356' title='bbox 723 2864 749 2894; x_wconf 86' lang='lat' dir='ltr'>P</span> <span class='ocrx_word' id='word_1_357' title='bbox 773 2863 905 2894; x_wconf 83' lang='lat' dir='ltr'><strong>H-s</strong></span> <span class='ocrx_word' id='word_1_358' title='bbox 927 2863 1014 2894; x_wconf 90' lang='lat' dir='ltr'><strong>P=</strong></span> 
     </span>
     <span class='ocr_line' id='line_1_47' title="bbox 289 2903 1016 2946; baseline 0.001 -12"><span class='ocrx_word' id='word_1_359' title='bbox 289 2903 382 2941; x_wconf 83' lang='lat' dir='ltr'><strong>YH,</strong></span> <span class='ocrx_word' id='word_1_360' title='bbox 404 2905 890 2943; x_wconf 63' lang='lat' dir='ltr'><strong>undePH—YH=SP,</strong></span> <span class='ocrx_word' id='word_1_361' title='bbox 912 2912 1016 2946; x_wconf 75' lang='lat' dir='ltr'><strong>estque</strong></span> 
     </span>
     <span class='ocr_line' id='line_1_48' title="bbox 289 2945 1017 2979; baseline 0.004 -4"><span class='ocrx_word' id='word_1_362' title='bbox 289 2945 386 2976; x_wconf 77' lang='lat' dir='ltr'><strong>casus</strong></span> <span class='ocrx_word' id='word_1_363' title='bbox 403 2948 449 2977; x_wconf 82' lang='lat'><strong>2¹¹⁸</strong></span> <span class='ocrx_word' id='word_1_364' title='bbox 467 2949 555 2979; x_wconf 85' lang='lat' dir='ltr'><strong>Lem.</strong></span> <span class='ocrx_word' id='word_1_365' title='bbox 572 2949 669 2979; x_wconf 87' lang='lat' dir='ltr'>XVI.</span> <span class='ocrx_word' id='word_1_366' title='bbox 718 2948 857 2979; x_wconf 78' lang='lat' dir='ltr'><strong>Tandem</strong></span> <span class='ocrx_word' id='word_1_367' title='bbox 872 2947 1017 2978; x_wconf 85' lang='lat' dir='ltr'><strong>sidentur</strong></span> 
     </span>
     <span class='ocr_line' id='line_1_49' title="bbox 288 2987 1016 3029; baseline 0.004 -11"><span class='ocrx_word' id='word_1_368' title='bbox 288 2987 347 3017; x_wconf 81' lang='lat' dir='ltr'><strong>tria</strong></span> <span class='ocrx_word' id='word_1_369' title='bbox 367 2989 518 3027; x_wconf 73' lang='lat' dir='ltr'><strong>petimen-i</strong></span> <span class='ocrx_word' id='word_1_370' title='bbox 541 2997 655 3029; x_wconf 79' lang='lat' dir='ltr'><strong>puncta</strong></span> <span class='ocrx_word' id='word_1_371' title='bbox 677 2998 712 3022; x_wconf 93' lang='lat' dir='ltr'><strong>ut</strong></span> <span class='ocrx_word' id='word_1_372' title='bbox 735 2991 771 3026; x_wconf 89' lang='lat' dir='ltr'><strong>P,</strong></span> <span class='ocrx_word' id='word_1_373' title='bbox 799 2991 901 3022; x_wconf 88' lang='lat' dir='ltr'><strong>locum</strong></span> <span class='ocrx_word' id='word_1_374' title='bbox 924 2991 1016 3022; x_wconf 82' lang='lat' dir='ltr'><strong>habet</strong></span> 
     </span>
     <span class='ocr_line' id='line_1_50' title="bbox 292 3029 800 3072; baseline 0.01 -13"><span class='ocrx_word' id='word_1_375' title='bbox 292 3029 391 3060; x_wconf 80' lang='lat' dir='ltr'><strong>casus</strong></span> <span class='ocrx_word' id='word_1_376' title='bbox 409 3031 454 3060; x_wconf 77' lang='lat'><strong>1¹¹³</strong></span> <span class='ocrx_word' id='word_1_377' title='bbox 469 3032 605 3072; x_wconf 68' lang='lat' dir='ltr'><strong>ejusdem</strong></span> <span class='ocrx_word' id='word_1_378' title='bbox 621 3033 800 3065; x_wconf 78' lang='lat' dir='ltr'><strong>Lemmatis.</strong></span> 
     </span>
    </p>
   </div>
   <div class='ocr_carea' id='block_1_9' title="bbox 1103 2855 1968 3089">
    <p class='ocr_par' dir='ltr' id='par_1_11' title="bbox 1103 2855 1968 3089">
     <span class='ocr_line' id='line_1_51' title="bbox 1103 2855 1968 3089; baseline 0 0"><span class='ocrx_word' id='word_1_379' title='bbox 1103 2855 1968 3089; x_wconf 95' lang='lat' dir='ltr'><strong>  </strong></span> 
     </span>
    </p>
   </div>
   <div class='ocr_carea' id='block_1_10' title="bbox 1053 2879 1103 2928">
    <p class='ocr_par' dir='ltr' id='par_1_12' title="bbox 1053 2879 1103 2928">
     <span class='ocr_line' id='line_1_52' title="bbox 1053 2879 1103 2928; baseline 0 -2"><span class='ocrx_word' id='word_1_380' title='bbox 1053 2879 1103 2928; x_wconf 87' lang='lat' dir='ltr'>H</span> 
     </span>
    </p>
   </div>
  </div>
 </body>
</html>
