2086 3542
157 282 304 324 ann
325 281 541 330 Primus]
628 271 948 319 PRINCIPIA
981 271 1471 317 MATHEMATICA.
1764 285 1844 323 195

147 395 190 434 in
231 393 372 433 orbem
419 389 598 431 redeant.
659 387 955 441 Compleantur
984 392 1194 442 segmenta
1222 384 1267 424 in
1315 384 1489 426 circulos
1523 385 1704 442 integros
1723 403 1735 436 ;
1775 387 1846 428 sit-

147 477 226 518 que
266 463 302 503 P
328 468 511 502 centrum
543 457 684 498 circuli
715 456 839 510 prim'i
875 456 911 497 F
932 456 962 497 S
991 455 1047 504 G,
1097 462 1138 496 et
1172 453 1217 503 Q
1244 460 1430 494 centrum
1461 454 1631 495 secundi
1654 455 1700 502 ⁷F
1721 456 1762 497 T
1783 456 1849 498 H.

146 534 350 589 Jungatur
368 537 409 571 et
436 529 627 584 utrinque
646 527 898 582 producatur
914 527 950 573 P
971 526 1027 576 Q,
1059 533 1101 567 et
1128 527 1172 567 in
1199 525 1246 567 ea
1277 526 1461 580 capiatur
1482 526 1524 574 Q
1563 526 1604 567 R
1624 526 1668 566 in
1702 527 1749 567 ea
1781 543 1846 568 ra-

146 604 256 646 tione
275 601 328 643 ad
351 601 386 641 P
407 600 450 649 Q
470 614 593 654 quam
626 598 751 639 habet
786 597 823 639 B
845 597 881 638 C
914 597 967 637 ad
989 597 1030 638 A
1061 597 1111 638 B.
1172 596 1370 651 Capiatur
1407 604 1545 638 autem
1566 596 1610 646 Q
1631 597 1672 638 R·
1687 597 1740 638 ad
1780 613 1847 639 eas

144 682 279 730 partes
307 672 451 727 puncti
472 671 516 720 Q
535 679 581 712 ut
611 670 822 711 literarum
843 668 892 717 P,
917 669 972 717 Q,
998 668 1037 709 R
1065 667 1175 708 idem
1194 667 1245 708 sit
1264 666 1376 708 ordo*
1402 675 1525 722 atque
1557 667 1767 708 literarum
1790 669 1843 719 A,

147 743 197 794 B,
222 743 258 785 C
279 759 289 784 ε
325 750 546 797 centroque
561 741 608 800 'R
635 742 680 781 ‘et
712 735 977 780 intervalloR
997 737 1033 779 F
1052 737 1306 779 describatur
1325 737 1501 778 circulus
1517 745 1684 793 quartus
1706 738 1742 779 F
1762 738 1805 779 N
1824 753 1847 779 c

143 828 283 855 secans
313 812 511 853 circulum
531 811 697 852 tertium
719 810 755 851 F
775 808 815 850 V
828 809 851 850 I
870 809 914 848 in
934 823 967 849 c.
1029 809 1236 865 Jungatur
1257 808 1293 849 F
1312 823 1335 849 c
1356 823 1498 849 secans
1528 808 1728 850 circulum
1761 810 1846 864 pri-

141 900 255 926 mum
274 885 374 934 ina,
406 892 447 925 et
467 882 693 924 secundum
720 881 765 921 in
784 880 822 920 b.
882 879 1076 935 Agantur
1095 895 1120 919 a
1144 879 1199 929 G,
1223 879 1249 919 b
1272 879 1333 928 H,
1366 893 1389 919 c
1419 879 1455 929 I,
1487 887 1530 920 et
1562 879 1710 936 figurae
1730 895 1755 921 a
1773 880 1802 921 b
1823 894 1846 921 c

143 955 180 997 F
201 956 242 996 G
265 955 313 996 H
330 955 351 996 I
372 954 512 996 similis
547 951 739 994 constitui
770 956 907 1005 potest
938 949 1074 1005 figura
1093 950 1135 990 A
1157 949 1195 990 B
1217 946 1254 990 C
1288 948 1311 989 f
1322 964 1352 1005 g
1370 948 1400 989 h
1419 949 1446 988 i.
1507 949 1605 998 Quo
1628 949 1736 991 facto
1770 950 1848 992 erit

142 1025 366 1080 trapezium
384 1024 442 1080 fg
456 1023 484 1063 h
503 1023 518 1063 i
537 1021 639 1062 illud
658 1021 806 1075 ipsum,
838 1018 950 1074 quod
970 1018 1214 1059 constituere
1233 1018 1461 1073 oportebat.

201 1097 350 1137 Secent
368 1094 478 1135 enim
506 1091 648 1133 circuli
667 1090 751 1131 duo
781 1089 906 1144 primi
936 1089 972 1129 F
994 1090 1024 1130 S
1046 1088 1100 1138 G,
1125 1088 1161 1130 F
1182 1088 1222 1129 T
1245 1089 1294 1129 H
1323 1103 1366 1129 se
1393 1096 1539 1130 mutuo
1567 1089 1610 1130 in
1634 1090 1690 1131 K.
1739 1091 1767 1131 J
1771 1106 1846 1131 un-

142 1173 292 1222 gantur
326 1163 435 1213 PK,
469 1162 512 1211 Q
534 1161 590 1211 K,
624 1161 665 1201 R
687 1159 743 1210 K,
780 1158 878 1208 aK,
913 1158 942 1198 b
965 1157 1020 1207 K,
1054 1172 1078 1198 c
1118 1157 1174 1208 K,
1207 1166 1248 1199 et
1276 1158 1531 1212 producatur
1571 1158 1615 1208 Q
1636 1159 1672 1200 P
1706 1160 1759 1200 ad
1792 1161 1843 1202 L.

142 1234 299 1291 Anguli
337 1233 391 1274 ad
426 1230 772 1273 circumferentias
804 1228 840 1269 F
869 1243 894 1268 a
915 1227 970 1277 K,
1005 1228 1040 1268 F
1058 1228 1088 1268 b
1110 1228 1166 1278 K,
1190 1228 1226 1269 F
1246 1242 1269 1268 c
1286 1228 1329 1269 K
1364 1236 1460 1269 sunt
1494 1229 1680 1270 semisses
1716 1245 1846 1287 angu-

141 1305 276 1346 lorum
308 1304 343 1345 F
370 1303 406 1344 P
434 1303 489 1352 K,
532 1302 567 1342 F
598 1301 641 1349 Q
673 1300 728 1349 K,
767 1298 802 1339 F
834 1299 875 1339 R
907 1297 949 1338 K
978 1297 1033 1338 ad
1061 1306 1214 1347 centra,
1265 1297 1441 1353 ideoque
1470 1298 1717 1354 angulorum
1755 1301 1846 1342 illo-

142 1390 235 1417 rum
269 1373 446 1415 dimidiis
478 1372 516 1413 L
545 1370 654 1421 PK,
687 1369 725 1411 L
747 1369 790 1417 Q
812 1368 868 1418 K,
900 1367 939 1409 L
972 1367 1012 1409 R
1043 1368 1087 1409 K
1126 1368 1316 1424 aequales.
1391 1369 1452 1424 (¹¹¹)
1475 1368 1551 1410 Est
1584 1362 1847 1427 ergofigura

186 1461 239 1502 (m)
263 1463 281 1480 fl
306 1460 366 1490 Est
387 1458 470 1489 enim
491 1456 626 1497 angulus
642 1455 676 1486 K
692 1465 710 1495 a
732 1456 752 1484 b
767 1467 812 1483 =
830 1453 863 1483 K
881 1453 910 1483 P
928 1453 970 1489 R,
1016 1452 1052 1489 F,
1071 1453 1099 1489 1,
1119 1453 1166 1490 H,
1186 1454 1216 1484 G
1242 1452 1383 1494 aequales,
1406 1458 1504 1483 rectas
1522 1453 1554 1482 A
1569 1453 1613 1488 D,
1639 1453 1668 1483 B
1687 1454 1730 1491 K,
1761 1455 1787 1485 C
1804 1456 1844 1493 L,

141 1503 275 1544 angulus
298 1502 332 1532 K
353 1503 374 1532 b
395 1511 414 1531 a
433 1514 479 1529 =
503 1499 537 1529 K
555 1499 587 1534 Q
611 1498 648 1533 P,
672 1507 707 1527 ac
727 1495 855 1536 proinde
875 1496 968 1525 trian-
1016 1496 1047 1525 A
1062 1496 1097 1532 C,
1111 1501 1248 1536 tangant,
1261 1505 1315 1534 per
1323 1502 1475 1534 punctum
1483 1495 1612 1535 quodvis
1622 1494 1643 1529 i,
1656 1503 1745 1527 rectae
1757 1498 1785 1527 B
1798 1498 1832 1528 K

141 1545 254 1587 gulum
268 1555 286 1574 a
303 1544 336 1575 K
358 1545 389 1580 b,
416 1542 514 1573 simile
538 1539 692 1580 triangulo
720 1540 746 1569 P
765 1539 798 1574 Q
817 1538 861 1574 K,
883 1543 915 1567 et
928 1537 969 1566 si-
1013 1543 1123 1578 agatur
1139 1538 1182 1568 Si
1200 1539 1240 1575 R,
1263 1537 1416 1576 parallelis
1443 1538 1474 1567 A
1493 1537 1535 1574 D,
1555 1538 1582 1567 B
1602 1539 1648 1575 K,
1672 1539 1698 1568 C
1719 1539 1748 1568 L
1773 1549 1846 1570 nor..

141 1588 256 1618 militer
268 1592 351 1626 patet
362 1584 551 1625 triangulum
566 1585 586 1613 b
603 1582 636 1612 K
652 1592 679 1618 c,
701 1592 766 1611 esse
788 1580 890 1610 simile
914 1579 968 1609 tri-
1011 1580 1110 1616 malis,
1133 1580 1231 1620 iisque
1255 1590 1418 1610 occurrens
1439 1580 1473 1609 in
1491 1581 1522 1616 S,
1545 1587 1575 1610 et
1599 1584 1641 1620 R,
1658 1581 1846 1619 producatur

142 1630 258 1670 angulo
275 1630 309 1664 Q
324 1628 356 1658 K
372 1628 412 1664 R,
434 1625 570 1666 adeoque
581 1631 677 1657 totam
688 1625 818 1664 figuram
832 1624 908 1653 abc
923 1621 966 1659 K,
1013 1621 1050 1652 H
1068 1623 1093 1657 1,
1111 1622 1150 1653 ad
1164 1624 1204 1658 Ο,
1221 1627 1257 1652 ut
1271 1622 1310 1652 sit
1325 1622 1360 1652 H
1378 1622 1395 1652 I
1411 1622 1451 1652 ad
1474 1622 1490 1652 1
1510 1622 1540 1652 O
1556 1629 1592 1652 ut
1607 1630 1652 1652 est
1670 1623 1700 1653 R
1715 1623 1726 1652 i
1740 1624 1804 1654 adi
1822 1626 1843 1655 S

141 1672 273 1703 similem
286 1680 350 1701 esse
364 1670 472 1710 figurae
488 1669 515 1699 P
534 1670 566 1703 Q,
579 1668 610 1697 R.
626 1665 669 1697 Κ.
1007 1665 1241 1705 jungamurque
1269 1665 1295 1694 F
1323 1665 1374 1702 0;
1397 1670 1465 1694 tum
1494 1674 1531 1694 ex
1560 1672 1677 1703 puncto
1691 1667 1711 1701 i,
1733 1673 1857 1706 agatur,

1010 1707 1022 1736 i
1036 1707 1056 1741 f,
1079 1707 1255 1746 parallelam
1276 1707 1304 1736 A
1322 1707 1355 1737 D
1371 1717 1476 1736 secans
1486 1707 1519 1736 in
1533 1707 1556 1743 f,
1572 1706 1615 1736 ita
1631 1713 1664 1737 ut
1679 1708 1718 1737 sit
1740 1719 1841 1750 angu-

1010 1749 1060 1779 lus
1074 1749 1113 1779 fi
1125 1750 1153 1780 B
1170 1759 1224 1779 seu
1249 1749 1260 1778 i
1286 1749 1303 1778 f
1317 1750 1358 1783 D,
1375 1749 1500 1789 aequalis
1524 1749 1642 1788 angulo
1668 1750 1684 1779 1
1703 1749 1729 1779 F
1744 1751 1784 1787 Ο,
1811 1758 1844 1782 et

1009 1791 1374 1874 ‘urbam
1387 1791 1449 1863 {ff
1465 1782 1842 1872 sngfflszzrzzpeffizss

1452 1854 1455 1855 ⁷
1522 1866 1524 1869 ⁴
1549 1855 1558 1869 2

1009 1886 1031 1916 g
1047 1882 1156 1917 agatur
1169 1882 1252 1906 recta
1275 1875 1303 1905 P
1322 1876 1357 1910 Q
1375 1875 1433 1914 ipsi
1456 1877 1486 1906 A
1506 1876 1532 1906 C
1547 1875 1704 1914 parallela,
1727 1846 1758 1906 egt
1771 1883 1840 1907 tan-

1009 1917 1082 1948 dem
1095 1929 1186 1957 super
1199 1917 1282 1948 recta
1296 1918 1325 1947 A
1341 1918 1377 1954 C,
1400 1923 1594 1947 construatur
1619 1917 1720 1958 figura
1732 1918 1841 1950 similis

1008 1959 1118 2001 figurae
1134 1961 1163 1991 P
1181 1961 1214 1996 Q
1225 1961 1246 1990 h
1259 1960 1299 1989 if
1308 1970 1338 2000 g.
1387 1960 1470 1990 Dico
1483 1959 1610 1990 factum.

1053 2002 1339 2033 Demonstrandum
1353 2008 1399 2032 est
1426 2002 1579 2042 angulum
1599 2003 1620 2032 h
1643 2012 1707 2033 esse
1729 2003 1762 2033 in
1783 2014 1837 2043 pa-

1008 2045 1115 2075 rallelii
1131 2046 1157 2076 C
1181 2045 1236 2082 L;
1266 2044 1292 2073 si
1315 2050 1468 2082 punctum
1483 2045 1513 2080 h,
1536 2054 1601 2074 non
1629 2050 1675 2074 est
1698 2045 1731 2074 in
1756 2045 1840 2077 linea

1008 2087 1038 2117 C
1069 2087 1098 2117 L
1123 2087 1310 2126 producatur
1329 2087 1340 2115 i
1363 2087 1385 2116 h
1413 2085 1512 2117 donec
1525 2092 1616 2116 rectae
1633 2087 1660 2117 C
1679 2087 1708 2117 L
1731 2097 1838 2118 occur-

1010 2135 1079 2159 rant
1103 2129 1138 2159 in
1161 2134 1182 2162 t.
1206 2135 1236 2158 et
1263 2127 1450 2167 producatur
1475 2134 1489 2158 t
1515 2128 1536 2165 i,
1574 2128 1672 2158 donec
1700 2137 1839 2161 occurrat

1006 2170 1246 2208 rectaeADin
1267 2180 1287 2200 o
1310 2177 1341 2200 et
1364 2169 1571 2199 eritH121
1599 2170 1838 2202 O=hizio

1006 2211 1503 2253 =Ri:iS,obfigurasoif
1523 2213 1553 2247 h,
1574 2211 1604 2242 Ο
1627 2212 1838 2254 IFH,(per

1008 2254 1134 2294 constr.)
1150 2254 1283 2292 similes;
1305 2254 1358 2283 sed
1380 2255 1420 2284 ob
1446 2253 1558 2283 similia
1570 2253 1723 2293 triangula
1739 2261 1751 2284 t
1765 2255 1775 2283 i
1794 2256 1836 2293 R,

1008 2297 1199 2334 oiS,ti:i
1223 2294 1832 2335 0=Ri2iS‚erg(')hi:io=t-i:

1005 2339 1017 2369 i
1043 2349 1071 2376 o,
1095 2338 1186 2379 atque
1209 2336 1287 2368 adeo
1314 2338 1336 2367 h
1360 2337 1431 2367 i=
1446 2343 1460 2368 t
1474 2338 1505 2375 ῖς
1526 2335 1621 2378 quare
1647 2343 1833 2376 punctumt.

1006 2391 1078 2412 cum
1092 2382 1123 2418 h,
1145 2379 1299 2411 coincidit.

196 2867 214 2885 ⁶
240 2865 272 2895 Si
281 2875 318 2896 ex
331 2872 461 2906 quatuor
474 2866 564 2897 rectis
577 2866 726 2904 positione
750 2865 829 2896 datis
842 2865 913 2896 duae
927 2866 977 2895 vel

155 2915 216 2939 tres
229 2907 346 2938 fuerint
358 2908 510 2947 parallelae
534 2914 638 2938 manet
651 2908 759 2938 eadem
780 2908 975 2939 constructio.

156 2950 265 2981 Potest
278 2955 383 2980 tamen
395 2951 462 2980 haec
474 2950 535 2980 alia
547 2950 684 2981 adhiberi
698 2960 768 2990 quae
782 2951 875 2981 etiam
888 2950 977 2986 valet,

155 2992 207 3023 ubi
237 2997 368 3030 quatuor
395 2998 468 3022 sunt
494 2992 655 3030 parallelae.
713 2992 805 3023 Datae
833 2993 894 3023 sint
919 2999 982 3022 tres

153 3032 308 3074 parallelae
327 3034 357 3064 A
376 3034 418 3068 D,
443 3034 472 3064 B
490 3034 533 3068 K,
553 3034 579 3064 C
596 3034 625 3064 L
647 3044 722 3074 quas
735 3040 842 3074 quarta
858 3035 888 3065 A
908 3035 934 3065 C
949 3034 983 3063 in

154 3077 196 3113 A,
213 3076 252 3111 B,
274 3075 300 3105 C
314 3081 395 3105 secat
409 3081 440 3105 et
467 3081 603 3114 oporteat
626 3075 793 3106 describere
815 3076 985 3116 trapezium

151 3117 253 3149 simile
273 3116 404 3157 trapezio
422 3117 448 3147 F
460 3117 477 3147 1
494 3117 530 3147 H
545 3117 575 3147 G
589 3123 620 3147 et
630 3118 719 3157 cujus
737 3118 842 3158 anguli
862 3118 1008 3189 anguhsv
1018 3159 1037 3186 2
