2086 3542
113 259 270 315 'tumn
293 273 508 326 pamm]
588 273 909 315 PRINCIPIA
941 271 1433 315 MATHEMATICA.
1733 262 1825 318 8857

116 387 371 431 decrementi
390 388 514 431 totius
534 388 578 429 in
596 402 822 444 progressu
840 388 950 428 inter
967 386 1142 442 apsides,
1163 385 1256 427 haec
1273 386 1412 427 minor
1439 394 1503 428 est
1533 400 1657 442 quam
1689 385 1829 442 dupli-

117 467 211 502 cata
229 460 527 502 distantiarum.
587 461 663 502 Vis
682 462 726 502 in
746 461 888 516 apside
906 461 990 503 ima
1010 468 1073 503 est
1091 460 1146 502 ad
1163 460 1249 502 vim
1270 461 1315 502 in
1334 461 1478 516 apside
1506 461 1666 503 summa
1687 462 1730 503 in
1748 463 1827 504 mi-

114 544 220 572 -nore
237 545 362 586 quam
381 530 588 586 duplicata
609 532 768 573 ratione
787 532 994 573 distantiae
1012 531 1166 587 apsidis
1195 544 1368 574 summae
1398 531 1451 572 ab
1481 531 1678 572 umbilico
1708 533 1825 588 ellip-

117 616 210 643 seos
229 602 284 664 ⁸51
301 602 537 644 distantiam
557 603 709 658 apsidis
728 604 823 644 imae
849 603 903 645 ab
931 603 1080 645 eodem
1098 602 1309 653 umbilico,
1329 610 1372 644 et
1390 610 1547 652 contra,
1569 602 1641 644 ubi
1660 603 1823 658 apsides

117 674 421 716 constituuntur
440 676 483 716 in
504 676 691 733 syzygiis,
713 677 775 718 vis
796 676 839 717 in
859 675 1002 731 apside
1020 675 1103 717 ima
1124 684 1187 717 est
1205 675 1260 717 ad
1278 675 1360 718 vim
1380 675 1425 716 in
1440 675 1582 730 apside
1602 675 1760 717 summa
1780 676 1825 718 in

115 745 271 800 majore
291 760 415 801 quam
436 746 642 800 duplicata
663 747 823 788 ratione
842 746 1143 788 distantiarum.
1192 746 1304 788 Nam
1322 746 1431 787 vires
1452 745 1491 786 L
1514 745 1565 787 M
1585 746 1629 786 in
1650 746 1827 802 quadra·-

115 815 217 855 turis
237 815 390 857 additae
418 816 573 858 viribus
608 817 794 872 corporis
814 817 857 858 T
875 824 1132 872 componunt
1164 816 1271 858 vires
1306 817 1350 857 in
1384 816 1544 857 ratione
1578 816 1752 867 minore,
1786 826 1828 859 et

114 887 220 929 vires
243 887 285 929 K
306 888 345 929 L
364 888 408 928 in
428 889 604 945 syzygiis
624 889 839 931 subductae
870 905 895 930 a
923 888 1078 930 viribus
1110 889 1295 944 corporis
1316 889 1359 931 T
1377 889 1616 945 relinquunt
1645 890 1754 931 vires
1783 890 1828 931 in

114 958 272 1000 ratione
291 960 459 1014 majore.
520 960 598 1001 Est
615 960 741 1017 igitur
760 961 866 1002 ratio
886 960 1137 1001 decrementi
1157 968 1199 1001 et
1217 960 1461 1002 incrementi
1479 960 1619 1012 totius,
1650 962 1693 1002 in
1714 969 1827 1003 tran-

115 1029 196 1071 situ
215 1030 322 1072 inter
341 1030 519 1085 apsides,
540 1031 711 1073 minima
730 1031 773 1072 in
793 1031 1070 1088 quadraturis,
1091 1034 1274 1075 maxima
1292 1034 1336 1075 in
1356 1034 1533 1090 syzygiis
1549 1049 1560 1075 :
1597 1041 1639 1074 et
1657 1040 1826 1087 propte-

113 1115 185 1142 rea
204 1092 248 1141 in
268 1103 443 1142 transitu
462 1101 667 1156 apsidum,
689 1117 715 1143 a
735 1102 997 1158 quadraturis
1017 1103 1062 1145 in
1082 1104 1267 1161 syzygias
1298 1102 1501 1159 perpetuo
1533 1111 1720 1159 augetur,
1754 1116 1826 1142 au-

112 1179 263 1228 getque
283 1171 635 1213 excentricitatem
654 1172 872 1227 ellipseos3
903 1173 1027 1229 inque
1047 1174 1223 1215 transitu
1241 1189 1266 1215 a
1286 1174 1460 1230 syzygiis
1481 1173 1534 1214 ad
1554 1172 1826 1229 quadraturas

111 1241 312 1302 perpetuo
332 1242 586 1292 diminuitur,
609 1250 652 1285 et
671 1244 1022 1286 excentricitatem
1042 1243 1248 1286 diminuit.

171 1314 301 1357 Corol.
328 1320 393 1357 10.
425 1314 488 1357 Ut
505 1315 708 1356 rationem
726 1316 912 1357 ineamus
931 1331 1119 1357 errorum
1138 1317 1183 1357 in
1201 1316 1475 1366 latitudinem,
1507 1316 1715 1373 fingamus
1735 1315 1826 1371 pla-

111 1399 213 1426 num
232 1385 343 1427 orbis
364 1385 403 1426 E
425 1385 455 1427 S
476 1385 519 1426 T
536 1385 962 1436 immobile-manere3
993 1394 1035 1428 et
1054 1401 1108 1428 ex
1127 1401 1317 1428 errorum
1337 1386 1524 1442 exposita
1545 1386 1667 1428 causa
1691 1387 1825 1428 mani-

110 1455 262 1498 festum
282 1464 357 1506 est,
380 1455 494 1511 quod
513 1471 567 1497 ex
586 1456 742 1497 viribus
764 1456 807 1498 N
821 1456 886 1506 M,
910 1456 962 1498 M
978 1457 1032 1508 L,
1054 1471 1148 1513 quae
1168 1465 1265 1499 sunt
1282 1472 1408 1499 causa
1426 1457 1498 1498 illa
1516 1465 1615 1508 tota,
1638 1457 1698 1498 vis
1721 1457 1772 1500 M
1787 1457 1825 1499 L

112 1527 278 1585 agendo
299 1542 463 1583 semper
483 1527 710 1569 secundum
730 1527 902 1583 planum
922 1528 1034 1570 orbis
1055 1529 1093 1571 P
1113 1529 1155 1571 A
1177 1529 1231 1580 B,
1261 1544 1475 1586 nunquam
1502 1529 1719 1585 perturbat
1737 1544 1827 1571 mo-

105 1607 178 1658 ⁴tus
198 1600 242 1640 in
262 1600 546 1650 latitudinem3
577 1599 771 1656 quodque
790 1600 852 1641 vis
872 1599 916 1642 N
937 1600 1003 1651 M,
1023 1600 1096 1642 ubi
1115 1600 1216 1642 nodi
1246 1608 1342 1642 sunt
1370 1601 1415 1641 in
1441 1601 1632 1658 syzygiis,
1663 1601 1827 1658 agendo

112 1671 487 1713 etiamsecundum
515 1670 629 1712 idem
658 1670 769 1712 orbis
802 1671 986 1726 planum,
1020 1670 1064 1727 (¹)
1094 1685 1179 1712 non
1212 1671 1428 1726 perturbat
1459 1671 1537 1713 hos
1570 1681 1731 1722 motus3
1763 1673 1826 1727 (¹¹¹)

43 1770 51 1778 ·
111 1743 184 1785 ubi
204 1742 304 1785 vero
324 1751 422 1785 sunt
440 1743 483 1786 in
504 1741 780 1799 quadraturiS‚
803 1757 874 1784 eos
893 1741 1072 1784 maxime
1091 1743 1320 1798 perturbat,
1336 1757 1566 1800 corpusque
1584 1743 1620 1785 P
1636 1742 1688 1784 de
1700 1743 1827 1799 plano

111 1917 228 1948 advim
242 1917 276 1948 in
289 1915 944 1957 apsidesummautTB¹><b—cAT³‚

112 1972 199 2004 adA
217 1972 277 2002 Τ2
295 1971 454 2008 ><b—c
472 1969 587 2005 TB³,
613 1968 753 2009 adeoque
777 1967 812 1998 in
835 1967 947 2009 majori

111 2014 229 2045 mione
242 2023 336 2054 quam
354 2013 383 2042 T
399 2013 428 2042 B
443 2013 471 2049 2,
493 2010 534 2041 ad
551 2011 581 2041 A
598 2011 629 2042 T
642 2013 668 2046 ²,
692 2016 724 2041 et
737 2009 883 2052 quoniam
897 2019 946 2040 ra—

112 2058 158 2088 tio
174 2058 203 2087 T
220 2057 260 2093 B,
275 2055 314 2086 ad
332 2057 363 2086 A
380 2055 420 2090 Τ,
435 2053 469 2084 in
482 2053 532 2088 his
551 2053 694 2092 apsidum
715 2052 791 2082 locis
810 2052 948 2082 maxima

112 2106 166 2132 est.
182 2110 220 2130 ex
235 2097 346 2129 natura
360 2096 510 2136 ellipseos,
520 2096 598 2126 ratio
611 2094 798 2126 decrementi
808 2100 839 2124 et
849 2094 948 2123 iucre-

111 2143 209 2173 menti
223 2141 318 2171 totius
338 2139 373 2169 in
395 2138 526 2169 transitu
549 2137 630 2168 inter
654 2136 783 2176 apsides,
808 2136 946 2166 maxima

111 2190 158 2215 est
181 2185 215 2214 in
239 2182 372 2223 syzygiis
395 2180 547 2220 apsidum,
573 2186 605 2210 et
629 2179 790 2219 propterea
814 2177 946 2225 singulis

111 2226 246 2266 om-poris
263 2226 291 2256 P
303 2223 547 2255 revolutionibus
559 2222 594 2252 in
612 2222 742 2252 transitu
763 2220 907 2260 apsidum
927 2231 946 2250 a

111 2268 306 2310 quadraturis
319 2266 359 2298 ad
373 2266 519 2307 syzygias,
535 2266 602 2296 haec
622 2264 700 2295 ratio
721 2261 870 2303 perpetuo
889 2273 946 2311 au-

112 2318 214 2352 getur,
229 2316 383 2351 augetque
404 2307 660 2340 excentricitatem
685 2306 836 2345 ellipseos‚
860 2311 892 2335 et
911 2315 946 2335 m

111 2354 243 2385 transitu
258 2352 402 2392 apsidum
416 2362 435 2382 a
448 2349 581 2391 syzygiis
594 2349 635 2380 ad
654 2348 862 2396 quadraturas·
876 2357 946 2396 per-

112 2395 207 2435 petuo
231 2393 424 2431 diminuitur,
450 2400 482 2424 et
503 2391 762 2423 excentricitatem
787 2390 941 2420 diminuit.

113 2438 256 2470 Maxima
269 2435 345 2477 ergo
358 2443 404 2467 δε
417 2435 499 2466 orbis
513 2434 732 2470 excentricitaS,
755 2433 809 2464 ubi
826 2431 946 2472 apside·

111 2481 232 2512 suntin
245 2478 386 2520 syzygiis
400 2479 531 2509 munina'
468 2477 477 2484 '
543 2476 599 2508 ubi
612 2482 686 2507 sunt
693 2476 727 2506 in
735 2474 941 2517 quadraturis

155 2546 227 2576 505.
251 2543 306 2574 Ex
320 2542 368 2572 his
381 2541 473 2572 etiam
488 2541 626 2580 sequitur
635 2540 669 2571 in
679 2538 865 2580 unaquaque
875 2549 943 2570 cor-

111 2586 195 2628 poris
221 2586 250 2619 P
273 2585 392 2616 circum
418 2584 448 2614 T
469 2583 662 2614 revolutione
685 2581 944 2612 excentricitatem

58 2630 61 2632 ’
111 2629 193 2660 orbis
213 2627 294 2659 cirea
313 2625 451 2669 syzygias
474 2625 609 2665 corporis
625 2625 654 2655 P
667 2624 783 2665 augeri,
811 2630 843 2654 et
865 2624 946 2654 circa

112 2671 180 2711 ejus
193 2669 393 2712 quadraturas
406 2668 517 2705 minui,
532 2666 756 2707 minimamque
769 2676 834 2697 esse
852 2666 886 2696 in
906 2666 945 2696 il-

111 2713 174 2744 lius
188 2711 391 2753 quadraturis,
412 2710 582 2741 maximam
602 2709 636 2739 in
660 2709 803 2749 syzygiis,
828 2708 945 2739 eaeteris

112 2755 246 2795 paribus.
301 2754 387 2784 Nam
410 2755 479 2795 (per
506 2753 577 2783 Cor.
606 2751 655 2792 7.)
687 2751 821 2790 eorporis
845 2750 875 2781 P
899 2751 945 2781 vis

112 2797 280 2836 centripeta
306 2801 371 2827 tota
394 2795 429 2826 in
453 2794 584 2836 syzygiis
608 2793 755 2825 decrescit
778 2793 812 2823 in
835 2793 944 2834 majori

112 2850 206 2882 quam
221 2837 377 2877 duplicata
389 2838 506 2868 ratione
520 2837 672 2867 distantiae
687 2841 796 2873 aucte,
817 2841 850 2866 et
861 2845 942 2866 cres-

111 2882 155 2913 cit
169 2882 200 2912 in
214 2880 324 2921 majori
348 2880 466 2910 ratione
490 2889 585 2920 quam
610 2877 763 2918 duplicata
789 2877 941 2908 distantiae

110 2924 284 2959 diminutae,
299 2927 331 2953 et
344 2921 378 2951 in
391 2921 584 2962 quadraturis
599 2920 715 2952 contra.
757 2919 863 2956 Quare
873 2930 939 2950 cor-

110 2977 171 3007 pus
188 2965 224 3002 P,
251 2965 284 2995 in
308 2964 440 3005 syzygiis
463 2969 495 2994 et
515 2963 611 3003 prope
635 2963 773 3004 syzygias
797 2962 940 2993 describit

109 3014 230 3049 partem
253 3007 334 3038 orbis
357 3006 459 3047 magis
482 3006 655 3044 excerni-ici,
685 3007 719 3036 in
864 3004 939 3036 turIs

153 3065 234 3098 Vox..
254 3064 282 3095 1.

988 1904 1061 1934 vero
1081 1910 1114 1934 et
1134 1903 1231 1943 prope
1251 1902 1453 1945 quadraturas
1474 1909 1594 1943 partem
1618 1903 1701 1935 orbis
1720 1904 1826 1935 minus

988 1946 1152 1977 excentrici
1178 1949 1232 1988 (ex
1255 1946 1472 1977 demonstratis
1493 1946 1582 1978 initio
1609 1947 1681 1977 Cor.
1707 1947 1755 1987 9.)
1781 1948 1826 1979 Et

987 1988 1136 2029 quoniam
1149 1988 1196 2019 vis
1217 1988 1358 2020 addititia
1381 1989 1410 2019 L
1427 1989 1467 2019 M
1480 1989 1515 2019 in
1538 1988 1733 2029 quadraturis
1757 2000 1826 2021 cor-

988 2030 1072 2070 poris
1086 2031 1115 2062 P
1127 2031 1264 2062 maxima
1276 2037 1334 2069 ost,
1355 2037 1387 2061 et
1399 2031 1445 2061 vis
1459 2031 1594 2062 ablatitia
1617 2031 1651 2062 K
1667 2032 1697 2062 L
1718 2033 1751 2061 in
1772 2043 1823 2072 sy-

989 2073 1086 2113 zygiis
1106 2074 1174 2113 ejus
1198 2073 1293 2103 etiam
1313 2073 1458 2109 maxima,
1482 2073 1529 2103 vis
1552 2079 1658 2103 autem
1682 2074 1824 2105 addititia

990 2115 1250 2145 excentricitatem
1264 2115 1411 2145 diminuit
1424 2121 1456 2145 et
1476 2115 1612 2145 ablatitia
1631 2122 1736 2156 auget,
1756 2127 1823 2147 ma-

986 2157 1136 2187 nifestum
1149 2163 1196 2187 ost
1209 2157 1293 2197 quod
1309 2157 1440 2199 (caeteris
1454 2157 1591 2197 paribus)
1615 2158 1648 2187 in
1668 2158 1732 2188 uni
1754 2169 1823 2189 cor.

988 2198 1070 2239 poris
1086 2198 1327 2235 Prevolutione,
1354 2199 1563 2229 excentricitas
1586 2200 1669 2229 orbis
1691 2200 1822 2231 minima

988 2242 1028 2272 sit
1041 2242 1074 2271 in
1088 2241 1281 2282 quadraturis
1294 2241 1428 2281 corporis
1445 2241 1482 2279 P,
1499 2248 1529 2272 et
1542 2241 1677 2272 maxima
1690 2242 1724 2271 in
1738 2242 1822 2274 illius

987 2283 1129 2324 syzygiis,
1145 2290 1238 2324 atque
1252 2282 1331 2315 adeo
1344 2283 1427 2324 quod
1441 2294 1461 2314 a
1474 2283 1667 2324 quadraturis
1680 2284 1719 2314 ad
1734 2295 1821 2325 syzy-

987 2327 1054 2367 gias
1068 2325 1217 2366 perpetuo
1230 2332 1392 2367 augeatur,
1413 2333 1446 2357 et
1459 2337 1479 2357 a
1491 2326 1622 2367 syzygiis
1635 2326 1675 2357 ad
1688 2327 1820 2367 quadra·

987 2375 1072 2399 turas
1085 2367 1232 2408 perpetuo
1247 2369 1415 2399 minuatur.

1030 2411 1070 2452 (¹)
1094 2413 1112 2430 ⁸
1136 2413 1212 2443 Non
1232 2412 1391 2451 perturbat
1414 2413 1466 2442 hos
1489 2417 1598 2442 nwtus.
1646 2410 1738 2442 Patet
1765 2422 1821 2452 per

990 2454 1060 2485 Cas.
1078 2457 1109 2483 2.
1131 2453 1223 2493 Prop.
1242 2457 1294 2484 66.

1029 2495 1084 2538 (¹¹²)
1108 2498 1181 2527 506.
1220 2497 1282 2527 Ubi
1305 2495 1372 2527 verb
1395 2502 1471 2527 sunt
1492 2498 1527 2527 in
1549 2497 1745 2536 quadraturis
1772 2507 1820 2529 eos

985 2537 1112 2570 maxime
1121 2540 1279 2578 perturbat
1288 2553 1300 2574 ,·
1326 2538 1389 2569 Ubi
1404 2538 1478 2571 nodi
1492 2543 1566 2568 sunt
1578 2538 1612 2567 in
1626 2538 1820 2579 quadraturis

989 2582 1016 2612 C
1030 2587 1062 2611 et
1078 2581 1112 2611 D
1126 2580 1285 2611 inclinatio
1298 2580 1474 2611 directionis
1483 2581 1530 2610 vis
1540 2581 1572 2611 N
1585 2580 1725 2622 M¹(quae
1734 2581 1819 2613 linei

989 2624 1018 2654 P
1032 2633 1064 2653 m
1085 2622 1260 2662 exhibetur)
1285 2622 1326 2653 ad
1350 2623 1479 2662 planum
1503 2622 1611 2653 orbitae
1633 2624 1768 2661 eorporis
1789 2623 1820 2655 P

986 2665 1123 2696 maxima
1136 2671 1192 2702 est,
1207 2670 1244 2695 ut
1257 2664 1330 2704 pote
1349 2665 1476 2706 aequalis
1497 2666 1660 2705 planorum
1675 2666 1704 2696 C
1722 2667 1752 2696 A
1770 2666 1817 2704 D,

988 2709 1019 2739 E
1037 2709 1059 2738 S
1075 2708 1104 2738 T
1118 2707 1309 2738 inclinationi
1329 2713 1360 2738 et
1380 2707 1517 2747 proinde,
1542 2708 1659 2738 ceteris
1680 2708 1816 2747 paribus,

985 2749 1120 2781 maxime
1133 2755 1272 2788 potentm·
1285 2750 1370 2790 agit;
1393 2750 1426 2779 in
1451 2750 1513 2780 alio
1537 2749 1619 2780 enim
1645 2749 1736 2780 lineae
1759 2761 1818 2781 no-

985 2792 1098 2823 dorum
1113 2792 1182 2828 situ,
1197 2792 1300 2822 minor
1323 2798 1370 2822 est
1391 2791 1550 2822 inclinatio
1573 2792 1749 2823 directionis
1770 2793 1819 2824 vit

987 2835 1020 2866 N
1037 2835 1076 2865 M
1092 2834 1130 2865 ad
1146 2835 1274 2873 planum
1287 2834 1395 2865 orbitae
1409 2834 1544 2873 corporis
1558 2835 1595 2870 Ρ,
1619 2841 1650 2865 et
1664 2842 1816 2867 evanescit

983 2887 1056 2908 cum
1078 2876 1153 2907 nodi
1176 2882 1248 2906 sunt
1272 2876 1307 2906 in
1332 2876 1471 2917 syzygiis,
1493 2877 1660 2916 nescitque
1682 2876 1759 2909 adet}
1779 2879 1814 2909 in

982 2919 1111 2949 transitu
1125 2919 1275 2949 nodorum
1297 2929 1316 2948 a
1338 2919 1469 2958 syzygiis
1492 2918 1532 2949 ad
1557 2921 1767 2959 quadraturas.
1783 2927 1815 2952 et

982 2961 1097 2999 contra,
1103 2961 1249 2991 decrescit
1262 2961 1295 2991 in
1314 2971 1425 2992 eorum
1445 2962 1576 2992 transitu
1588 2972 1608 2992 a
1619 2962 1814 3002 quadraturis

981 3003 1020 3034 ad
1034 3004 1180 3044 syzygias.
