<?xml version="1.0" encoding="UTF-8"?>
<!DOCTYPE html PUBLIC "-//W3C//DTD XHTML 1.0 Transitional//EN"
    "http://www.w3.org/TR/xhtml1/DTD/xhtml1-transitional.dtd">
<html xmlns="http://www.w3.org/1999/xhtml" xml:lang="en" lang="en">
 <head>
  <title>
</title>
<meta http-equiv="Content-Type" content="text/html;charset=utf-8" />
  <meta name='ocr-system' content='tesseract 3.04.00' />
  <meta name='ocr-capabilities' content='ocr_page ocr_carea ocr_par ocr_line ocrx_word'/>
</head>
<body>
  <div class='ocr_page' id='page_1' title='image "./philosophiaenatu01newtuoft_0215.png"; bbox 0 0 2086 3542; ppageno 0'>
   <div class='ocr_carea' id='block_1_1' title="bbox 175 222 1876 303">
    <p class='ocr_par' dir='ltr' id='par_1_1' title="bbox 175 222 1876 303">
     <span class='ocr_line' id='line_1_1' title="bbox 175 222 1876 303; baseline 0 -21"><span class='ocrx_word' id='word_1_1' title='bbox 175 237 327 283; x_wconf 66' lang='lat' dir='ltr'><strong>Lam</strong></span> <span class='ocrx_word' id='word_1_2' title='bbox 348 240 566 296; x_wconf 71' lang='lat' dir='ltr'><strong>Pmuus.]</strong></span> <span class='ocrx_word' id='word_1_3' title='bbox 629 240 950 284; x_wconf 83' lang='lat' dir='ltr'>PRINCIPIA</span> <span class='ocrx_word' id='word_1_4' title='bbox 988 222 1480 283; x_wconf 75' lang='lat' dir='ltr'>MATHEMATICA.</span> <span class='ocrx_word' id='word_1_5' title='bbox 1578 299 1583 303; x_wconf 15' lang='grc' dir='ltr'>ἱ</span> <span class='ocrx_word' id='word_1_6' title='bbox 1794 242 1876 284; x_wconf 83' lang='lat'><strong>179</strong></span> 
     </span>
    </p>
   </div>
   <div class='ocr_carea' id='block_1_2' title="bbox 165 357 1910 695">
    <p class='ocr_par' dir='ltr' id='par_1_2' title="bbox 165 357 1910 695">
     <span class='ocr_line' id='line_1_2' title="bbox 231 357 1874 415; baseline 0.001 -14"><span class='ocrx_word' id='word_1_7' title='bbox 231 358 360 401; x_wconf 75' lang='lat' dir='ltr'><em>carol.</em></span> <span class='ocrx_word' id='word_1_8' title='bbox 390 363 430 400; x_wconf 80' lang='grc'><strong>3.</strong></span> <span class='ocrx_word' id='word_1_9' title='bbox 462 357 589 401; x_wconf 82' lang='lat' dir='ltr'><strong>Unde</strong></span> <span class='ocrx_word' id='word_1_10' title='bbox 601 358 725 399; x_wconf 77' lang='lat' dir='ltr'><strong>etiam</strong></span> <span class='ocrx_word' id='word_1_11' title='bbox 740 359 775 400; x_wconf 88' lang='lat' dir='ltr'><strong>si</strong></span> <span class='ocrx_word' id='word_1_12' title='bbox 796 359 835 400; x_wconf 94' lang='lat' dir='ltr'>E</span> <span class='ocrx_word' id='word_1_13' title='bbox 854 374 895 415; x_wconf 92' lang='lat' dir='ltr'><strong>q,</strong></span> <span class='ocrx_word' id='word_1_14' title='bbox 916 374 941 401; x_wconf 87' lang='lat' dir='ltr'><strong>e</strong></span> <span class='ocrx_word' id='word_1_15' title='bbox 960 359 1004 408; x_wconf 99' lang='lat' dir='ltr'>Q</span> <span class='ocrx_word' id='word_1_16' title='bbox 1016 360 1246 415; x_wconf 85' lang='lat' dir='ltr'><strong>jungantur</strong></span> <span class='ocrx_word' id='word_1_17' title='bbox 1264 365 1307 399; x_wconf 86' lang='lat' dir='ltr'><strong>et</strong></span> <span class='ocrx_word' id='word_1_18' title='bbox 1333 357 1578 407; x_wconf 76' lang='lat' dir='ltr'><strong>bisecentur,</strong></span> <span class='ocrx_word' id='word_1_19' title='bbox 1609 365 1651 399; x_wconf 90' lang='lat' dir='ltr'><strong>et</strong></span> <span class='ocrx_word' id='word_1_20' title='bbox 1669 366 1780 401; x_wconf 80' lang='lat' dir='ltr'><strong>reeta</strong></span> <span class='ocrx_word' id='word_1_21' title='bbox 1797 373 1874 414; x_wconf 82' lang='lat' dir='ltr'><strong>per</strong></span> 
     </span>
     <span class='ocr_line' id='line_1_3' title="bbox 167 427 1873 485; baseline 0 -15"><span class='ocrx_word' id='word_1_22' title='bbox 167 436 323 484; x_wconf 75' lang='lat' dir='ltr'><strong>puncta</strong></span> <span class='ocrx_word' id='word_1_23' title='bbox 350 427 621 470; x_wconf 76' lang='lat' dir='ltr'><strong>bisecfionum</strong></span> <span class='ocrx_word' id='word_1_24' title='bbox 653 436 811 485; x_wconf 78' lang='lat' dir='ltr'><strong>agatur,</strong></span> <span class='ocrx_word' id='word_1_25' title='bbox 841 430 1030 471; x_wconf 84' lang='lat' dir='ltr'><strong>transibit</strong></span> <span class='ocrx_word' id='word_1_26' title='bbox 1058 429 1150 470; x_wconf 88' lang='lat' dir='ltr'><strong>haec</strong></span> <span class='ocrx_word' id='word_1_27' title='bbox 1168 442 1246 484; x_wconf 89' lang='lat' dir='ltr'><strong>per</strong></span> <span class='ocrx_word' id='word_1_28' title='bbox 1270 435 1459 469; x_wconf 81' lang='lat' dir='ltr'><strong>centrum</strong></span> <span class='ocrx_word' id='word_1_29' title='bbox 1485 427 1686 468; x_wconf 83' lang='lat' dir='ltr'><strong>sectionis</strong></span> <span class='ocrx_word' id='word_1_30' title='bbox 1705 429 1873 470; x_wconf 81' lang='lat' dir='ltr'><strong>conicae.</strong></span> 
     </span>
     <span class='ocr_line' id='line_1_4' title="bbox 168 488 1910 554; baseline -0.001 -14"><span class='ocrx_word' id='word_1_31' title='bbox 168 498 278 540; x_wconf 75' lang='lat' dir='ltr'><strong>Nam</strong></span> <span class='ocrx_word' id='word_1_32' title='bbox 297 512 392 539; x_wconf 86' lang='lat' dir='ltr'><strong>cum</strong></span> <span class='ocrx_word' id='word_1_33' title='bbox 418 498 470 539; x_wconf 84' lang='lat' dir='ltr'><strong>sit</strong></span> <span class='ocrx_word' id='word_1_34' title='bbox 490 498 535 548; x_wconf 90' lang='lat' dir='ltr'>Q</span> <span class='ocrx_word' id='word_1_35' title='bbox 553 513 582 554; x_wconf 92' lang='lat' dir='ltr'>q</span> <span class='ocrx_word' id='word_1_36' title='bbox 599 498 653 539; x_wconf 74' lang='lat' dir='ltr'><strong>ad</strong></span> <span class='ocrx_word' id='word_1_37' title='bbox 674 489 713 540; x_wconf 81' lang='lat' dir='ltr'>E</span> <span class='ocrx_word' id='word_1_38' title='bbox 731 513 756 540; x_wconf 88' lang='lat' dir='ltr'><strong>e</strong></span> <span class='ocrx_word' id='word_1_39' title='bbox 774 507 822 540; x_wconf 87' lang='lat' dir='ltr'><strong>ut</strong></span> <span class='ocrx_word' id='word_1_40' title='bbox 842 498 885 541; x_wconf 91' lang='lat' dir='ltr'><strong>K</strong></span> <span class='ocrx_word' id='word_1_41' title='bbox 905 495 949 548; x_wconf 90' lang='lat' dir='ltr'>Q</span> <span class='ocrx_word' id='word_1_42' title='bbox 968 498 1022 541; x_wconf 84' lang='lat' dir='ltr'><strong>ad</strong></span> <span class='ocrx_word' id='word_1_43' title='bbox 1043 499 1096 540; x_wconf 94' lang='lat' dir='ltr'>M</span> <span class='ocrx_word' id='word_1_44' title='bbox 1115 514 1150 549; x_wconf 89' lang='lat' dir='ltr'><strong>e,</strong></span> <span class='ocrx_word' id='word_1_45' title='bbox 1182 498 1372 540; x_wconf 80' lang='lat' dir='ltr'><strong>transibit</strong></span> <span class='ocrx_word' id='word_1_46' title='bbox 1391 496 1537 539; x_wconf 82' lang='lat' dir='ltr'><strong>eadem</strong></span> <span class='ocrx_word' id='word_1_47' title='bbox 1558 504 1672 539; x_wconf 87' lang='lat' dir='ltr'><strong>recta</strong></span> <span class='ocrx_word' id='word_1_48' title='bbox 1689 511 1766 551; x_wconf 91' lang='lat' dir='ltr'><strong>per</strong></span> <span class='ocrx_word' id='word_1_49' title='bbox 1785 511 1872 539; x_wconf 88' lang='lat' dir='ltr'><strong>me·</strong></span> <span class='ocrx_word' id='word_1_50' title='bbox 1907 488 1910 492; x_wconf 53' lang='grc'>’</span> 
     </span>
     <span class='ocr_line' id='line_1_5' title="bbox 165 567 1871 627; baseline -0.001 -17"><span class='ocrx_word' id='word_1_51' title='bbox 165 568 284 610; x_wconf 86' lang='lat' dir='ltr'><strong>dium</strong></span> <span class='ocrx_word' id='word_1_52' title='bbox 309 568 495 611; x_wconf 80' lang='lat' dir='ltr'><strong>omnium</strong></span> <span class='ocrx_word' id='word_1_53' title='bbox 530 569 568 610; x_wconf 93' lang='lat' dir='ltr'><strong>E</strong></span> <span class='ocrx_word' id='word_1_54' title='bbox 587 584 628 625; x_wconf 94' lang='lat' dir='ltr'><strong>q,</strong></span> <span class='ocrx_word' id='word_1_55' title='bbox 650 584 674 611; x_wconf 89' lang='lat' dir='ltr'><strong>e</strong></span> <span class='ocrx_word' id='word_1_56' title='bbox 690 569 746 620; x_wconf 91' lang='lat' dir='ltr'><strong>Q,</strong></span> <span class='ocrx_word' id='word_1_57' title='bbox 770 570 822 612; x_wconf 93' lang='lat' dir='ltr'>M</span> <span class='ocrx_word' id='word_1_58' title='bbox 838 570 882 612; x_wconf 92' lang='lat' dir='ltr'><strong>K</strong></span> <span class='ocrx_word' id='word_1_59' title='bbox 903 571 953 626; x_wconf 76' lang='lat'><em>(¹³)</em></span> <span class='ocrx_word' id='word_1_60' title='bbox 976 573 1068 627; x_wconf 88' lang='lat' dir='ltr'><strong>(per</strong></span> <span class='ocrx_word' id='word_1_61' title='bbox 1098 570 1216 612; x_wconf 86' lang='lat' dir='ltr'><strong>Lem.</strong></span> <span class='ocrx_word' id='word_1_62' title='bbox 1239 567 1438 621; x_wconf 90' lang='lat' dir='ltr'>XXIII.)</span> <span class='ocrx_word' id='word_1_63' title='bbox 1459 575 1501 611; x_wconf 87' lang='lat' dir='ltr'><strong>et</strong></span> <span class='ocrx_word' id='word_1_64' title='bbox 1533 567 1716 610; x_wconf 81' lang='lat' dir='ltr'><strong>medium</strong></span> <span class='ocrx_word' id='word_1_65' title='bbox 1748 574 1871 609; x_wconf 86' lang='lat' dir='ltr'><strong>rectae</strong></span> 
     </span>
     <span class='ocr_line' id='line_1_6' title="bbox 171 637 880 695; baseline 0 -14"><span class='ocrx_word' id='word_1_66' title='bbox 171 638 224 681; x_wconf 86' lang='lat' dir='ltr'>M</span> <span class='ocrx_word' id='word_1_67' title='bbox 244 637 287 680; x_wconf 91' lang='lat' dir='ltr'><strong>K</strong></span> <span class='ocrx_word' id='word_1_68' title='bbox 307 646 370 681; x_wconf 84' lang='lat' dir='ltr'><strong>est</strong></span> <span class='ocrx_word' id='word_1_69' title='bbox 388 646 575 681; x_wconf 83' lang='lat' dir='ltr'><strong>centrum</strong></span> <span class='ocrx_word' id='word_1_70' title='bbox 604 640 808 682; x_wconf 86' lang='lat' dir='ltr'><strong>sectionis.</strong></span> <span class='ocrx_word' id='word_1_71' title='bbox 829 639 880 695; x_wconf 75' lang='lat'><strong>(⁸)</strong></span> 
     </span>
    </p>
   </div>
   <div class='ocr_carea' id='block_1_3' title="bbox 367 861 1600 908">
    <p class='ocr_par' dir='ltr' id='par_1_3' title="bbox 367 861 1600 908">
     <span class='ocr_line' id='line_1_7' title="bbox 367 861 1600 908; baseline -0.002 -4"><span class='ocrx_word' id='word_1_72' title='bbox 367 864 373 869; x_wconf 79' lang='grc'><strong>”</strong></span> <span class='ocrx_word' id='word_1_73' title='bbox 413 862 788 906; x_wconf 87' lang='lat' dir='ltr'>PROPOSITIO</span> <span class='ocrx_word' id='word_1_74' title='bbox 827 864 1023 907; x_wconf 92' lang='lat' dir='ltr'>XXVII.</span> <span class='ocrx_word' id='word_1_75' title='bbox 1085 863 1430 908; x_wconf 91' lang='lat' dir='ltr'>PROBLEMA</span> <span class='ocrx_word' id='word_1_76' title='bbox 1469 861 1600 904; x_wconf 89' lang='lat' dir='ltr'>XIX.</span> 
     </span>
    </p>
   </div>
   <div class='ocr_carea' id='block_1_4' title="bbox 224 975 1841 1041">
    <p class='ocr_par' dir='ltr' id='par_1_4' title="bbox 224 975 1841 1041">
     <span class='ocr_line' id='line_1_8' title="bbox 224 975 1841 1041; baseline 0 -17"><span class='ocrx_word' id='word_1_77' title='bbox 224 983 269 1025; x_wconf 88' lang='lat' dir='ltr'><em>T</em></span> <span class='ocrx_word' id='word_1_78' title='bbox 260 983 506 1038; x_wconf 69' lang='lat' dir='ltr'><strong>rajectorimn</strong></span> <span class='ocrx_word' id='word_1_79' title='bbox 525 985 748 1035; x_wconf 80' lang='lat' dir='ltr'><em>describere,</em></span> <span class='ocrx_word' id='word_1_80' title='bbox 784 999 870 1039; x_wconf 80' lang='lat' dir='ltr'><strong>quae</strong></span> <span class='ocrx_word' id='word_1_81' title='bbox 897 991 1022 1027; x_wconf 78' lang='lat' dir='ltr'><strong>rectas</strong></span> <span class='ocrx_word' id='word_1_82' title='bbox 1050 988 1218 1041; x_wconf 82' lang='lat' dir='ltr'><strong>quinque</strong></span> <span class='ocrx_word' id='word_1_83' title='bbox 1236 987 1433 1041; x_wconf 81' lang='lat' dir='ltr'><strong>positione</strong></span> <span class='ocrx_word' id='word_1_84' title='bbox 1461 987 1577 1027; x_wconf 82' lang='lat' dir='ltr'><strong>datas</strong></span> <span class='ocrx_word' id='word_1_85' title='bbox 1604 975 1841 1039; x_wconf 50' lang='lat' dir='ltr'><strong>continget)</strong></span> 
     </span>
    </p>
   </div>
   <div class='ocr_carea' id='block_1_5' title="bbox 161 1145 1863 2028">
    <p class='ocr_par' dir='ltr' id='par_1_5' title="bbox 161 1145 1863 2028">
     <span class='ocr_line' id='line_1_9' title="bbox 221 1145 528 1201; baseline -0.003 -13"><span class='ocrx_word' id='word_1_86' title='bbox 221 1145 390 1188; x_wconf 86' lang='lat' dir='ltr'><strong>Dentur</strong></span> <span class='ocrx_word' id='word_1_87' title='bbox 446 1161 528 1201; x_wconf 92' lang='lat' dir='ltr'><strong>po-</strong></span> 
     </span>
     <span class='ocr_line' id='line_1_10' title="bbox 164 1214 528 1271; baseline -0.003 -15"><span class='ocrx_word' id='word_1_88' title='bbox 164 1214 313 1257; x_wconf 87' lang='lat' dir='ltr'><strong>sitione</strong></span> <span class='ocrx_word' id='word_1_89' title='bbox 352 1224 528 1271; x_wconf 84' lang='lat' dir='ltr'><strong>tangen-</strong></span> 
     </span>
     <span class='ocr_line' id='line_1_11' title="bbox 164 1283 526 1334; baseline 0.003 -11"><span class='ocrx_word' id='word_1_90' title='bbox 164 1290 226 1324; x_wconf 88' lang='lat' dir='ltr'><strong>tes</strong></span> <span class='ocrx_word' id='word_1_91' title='bbox 252 1284 294 1325; x_wconf 93' lang='lat' dir='ltr'>A</span> <span class='ocrx_word' id='word_1_92' title='bbox 316 1284 354 1325; x_wconf 88' lang='lat' dir='ltr'>B</span> <span class='ocrx_word' id='word_1_93' title='bbox 393 1284 448 1334; x_wconf 88' lang='lat' dir='ltr'><strong>G,</strong></span> <span class='ocrx_word' id='word_1_94' title='bbox 489 1283 526 1324; x_wconf 91' lang='lat' dir='ltr'><strong>B</strong></span> 
     </span>
     <span class='ocr_line' id='line_1_12' title="bbox 167 1352 527 1403; baseline 0.003 -9"><span class='ocrx_word' id='word_1_95' title='bbox 167 1352 204 1394; x_wconf 88' lang='lat' dir='ltr'>C</span> <span class='ocrx_word' id='word_1_96' title='bbox 236 1352 284 1403; x_wconf 90' lang='lat' dir='ltr'><strong>F,</strong></span> <span class='ocrx_word' id='word_1_97' title='bbox 324 1354 367 1396; x_wconf 89' lang='lat' dir='ltr'><strong>G</strong></span> <span class='ocrx_word' id='word_1_98' title='bbox 400 1354 436 1394; x_wconf 89' lang='lat' dir='ltr'>C</span> <span class='ocrx_word' id='word_1_99' title='bbox 468 1353 527 1401; x_wconf 90' lang='lat' dir='ltr'><strong>D,</strong></span> 
     </span>
     <span class='ocr_line' id='line_1_13' title="bbox 166 1422 526 1474; baseline -0.003 -9"><span class='ocrx_word' id='word_1_100' title='bbox 166 1422 203 1464; x_wconf 91' lang='lat' dir='ltr'><strong>F</strong></span> <span class='ocrx_word' id='word_1_101' title='bbox 232 1423 276 1465; x_wconf 91' lang='lat' dir='ltr'>D</span> <span class='ocrx_word' id='word_1_102' title='bbox 308 1423 359 1474; x_wconf 87' lang='lat' dir='ltr'><strong>E,</strong></span> <span class='ocrx_word' id='word_1_103' title='bbox 393 1423 431 1465; x_wconf 93' lang='lat' dir='ltr'>E</span> <span class='ocrx_word' id='word_1_104' title='bbox 473 1423 526 1464; x_wconf 88' lang='lat' dir='ltr'><strong>A.</strong></span> 
     </span>
     <span class='ocr_line' id='line_1_14' title="bbox 166 1490 532 1547; baseline -0.003 -15"><span class='ocrx_word' id='word_1_105' title='bbox 166 1490 338 1547; x_wconf 86' lang='lat' dir='ltr'><strong>Figurae</strong></span> <span class='ocrx_word' id='word_1_106' title='bbox 365 1490 532 1547; x_wconf 86' lang='lat' dir='ltr'><strong>quadri-</strong></span> 
     </span>
     <span class='ocr_line' id='line_1_15' title="bbox 162 1558 530 1615; baseline 0 -16"><span class='ocrx_word' id='word_1_107' title='bbox 162 1558 304 1600; x_wconf 84' lang='lat' dir='ltr'><strong>laterae</strong></span> <span class='ocrx_word' id='word_1_108' title='bbox 324 1559 402 1601; x_wconf 90' lang='lat' dir='ltr'><strong>sub</strong></span> <span class='ocrx_word' id='word_1_109' title='bbox 428 1574 530 1615; x_wconf 79' lang='lat' dir='ltr'><strong>qua-</strong></span> 
     </span>
     <span class='ocr_line' id='line_1_16' title="bbox 162 1626 531 1683; baseline -0.005 -14"><span class='ocrx_word' id='word_1_110' title='bbox 162 1635 258 1669; x_wconf 87' lang='lat' dir='ltr'><strong>tuor</strong></span> <span class='ocrx_word' id='word_1_111' title='bbox 320 1626 531 1683; x_wconf 88' lang='lat' dir='ltr'><strong>quibusvis</strong></span> 
     </span>
     <span class='ocr_line' id='line_1_17' title="bbox 162 1697 532 1740; baseline 0 -1"><span class='ocrx_word' id='word_1_112' title='bbox 162 1697 532 1740; x_wconf 85' lang='lat' dir='ltr'><strong>contentaeABFE</strong></span> 
     </span>
     <span class='ocr_line' id='line_1_18' title="bbox 161 1765 530 1823; baseline -0.008 -15"><span class='ocrx_word' id='word_1_113' title='bbox 161 1765 398 1823; x_wconf 70' lang='lat' dir='ltr'><strong>diagonales</strong></span> <span class='ocrx_word' id='word_1_114' title='bbox 419 1765 459 1806; x_wconf 94' lang='lat' dir='ltr'>A</span> <span class='ocrx_word' id='word_1_115' title='bbox 482 1765 530 1815; x_wconf 89' lang='lat' dir='ltr'><strong>F,</strong></span> 
     </span>
     <span class='ocr_line' id='line_1_19' title="bbox 165 1833 1549 1878; baseline 0.001 0"><span class='ocrx_word' id='word_1_116' title='bbox 165 1835 204 1878; x_wconf 93' lang='lat' dir='ltr'>B</span> <span class='ocrx_word' id='word_1_117' title='bbox 235 1835 273 1877; x_wconf 92' lang='lat' dir='ltr'>E</span> <span class='ocrx_word' id='word_1_118' title='bbox 306 1835 442 1876; x_wconf 83' lang='lat' dir='ltr'><strong>biseca</strong></span> <span class='ocrx_word' id='word_1_119' title='bbox 485 1833 531 1876; x_wconf 86' lang='lat' dir='ltr'><strong>in</strong></span> <span class='ocrx_word' id='word_1_120' title='bbox 1541 1870 1549 1877; x_wconf 90' lang='lat'>.</span> 
     </span>
     <span class='ocr_line' id='line_1_20' title="bbox 164 1893 1860 1962; baseline -0.006 -13"><span class='ocrx_word' id='word_1_121' title='bbox 164 1906 274 1949; x_wconf 87' lang='lat' dir='ltr'><strong>Met</strong></span> <span class='ocrx_word' id='word_1_122' title='bbox 288 1906 345 1957; x_wconf 90' lang='lat' dir='ltr'><strong>N,</strong></span> <span class='ocrx_word' id='word_1_123' title='bbox 377 1913 419 1948; x_wconf 91' lang='lat' dir='ltr'><strong>et</strong></span> <span class='ocrx_word' id='word_1_124' title='bbox 438 1909 531 1962; x_wconf 89' lang='lat' dir='ltr'><strong>(per</strong></span> <span class='ocrx_word' id='word_1_125' title='bbox 1619 1896 1717 1932; x_wconf 40' lang='lat' dir='ltr'><strong>“a</strong></span> <span class='ocrx_word' id='word_1_126' title='bbox 1745 1893 1860 1959; x_wconf 59' lang='lat'><strong>&#39;²:51&#39;</strong></span> 
     </span>
     <span class='ocr_line' id='line_1_21' title="bbox 165 1965 1863 2028; baseline -0.001 -9"><span class='ocrx_word' id='word_1_127' title='bbox 165 1977 302 2019; x_wconf 86' lang='lat' dir='ltr'><strong>Corol.</strong></span> <span class='ocrx_word' id='word_1_128' title='bbox 336 1983 375 2020; x_wconf 81' lang='lat'><strong>3.</strong></span> <span class='ocrx_word' id='word_1_129' title='bbox 408 1976 528 2019; x_wconf 83' lang='lat' dir='ltr'><strong>Lem.</strong></span> <span class='ocrx_word' id='word_1_130' title='bbox 563 1973 734 2026; x_wconf 92' lang='lat' dir='ltr'>XXV.)</span> <span class='ocrx_word' id='word_1_131' title='bbox 771 1981 884 2014; x_wconf 80' lang='lat' dir='ltr'><strong>recta</strong></span> <span class='ocrx_word' id='word_1_132' title='bbox 918 1972 971 2014; x_wconf 94' lang='lat' dir='ltr'>M</span> <span class='ocrx_word' id='word_1_133' title='bbox 992 1972 1035 2015; x_wconf 94' lang='lat' dir='ltr'>N</span> <span class='ocrx_word' id='word_1_134' title='bbox 1059 1987 1135 2028; x_wconf 90' lang='lat' dir='ltr'><strong>per</strong></span> <span class='ocrx_word' id='word_1_135' title='bbox 1168 1981 1324 2028; x_wconf 79' lang='lat' dir='ltr'><strong>puncta</strong></span> <span class='ocrx_word' id='word_1_136' title='bbox 1351 1965 1622 2016; x_wconf 85' lang='lat' dir='ltr'><strong>bisectionum</strong></span> <span class='ocrx_word' id='word_1_137' title='bbox 1640 1982 1730 2017; x_wconf 84' lang='lat' dir='ltr'><strong>acta</strong></span> <span class='ocrx_word' id='word_1_138' title='bbox 1750 1983 1863 2018; x_wconf 84' lang='lat' dir='ltr'><strong>tran-</strong></span> 
     </span>
    </p>
   </div>
   <div class='ocr_carea' id='block_1_6' title="bbox 568 1087 1861 2921">
    <p class='ocr_par' dir='ltr' id='par_1_6' title="bbox 568 1087 1861 2921">
     <span class='ocr_line' id='line_1_22' title="bbox 568 1087 1861 2921; baseline 0 -1031"><span class='ocrx_word' id='word_1_139' title='bbox 568 1087 1861 2921; x_wconf 95' lang='lat' dir='ltr'><strong>       </strong></span> 
     </span>
    </p>
   </div>
   <div class='ocr_carea' id='block_1_7' title="bbox 159 2112 1860 2276">
    <p class='ocr_par' dir='ltr' id='par_1_7' title="bbox 159 2112 1860 2276">
     <span class='ocr_line' id='line_1_23' title="bbox 202 2112 1857 2161; baseline 0.005 -22"><span class='ocrx_word' id='word_1_140' title='bbox 202 2118 252 2161; x_wconf 72' lang='lat'><strong>(2)</strong></span> <span class='ocrx_word' id='word_1_141' title='bbox 278 2120 295 2139; x_wconf 63' lang='grc' dir='ltr'><strong>ι</strong></span> <span class='ocrx_word' id='word_1_142' title='bbox 320 2117 362 2149; x_wconf 68' lang='lat'><strong>111</strong></span> <span class='ocrx_word' id='word_1_143' title='bbox 376 2117 465 2148; x_wconf 58' lang='lat' dir='ltr'><strong>rectis</strong></span> <span class='ocrx_word' id='word_1_144' title='bbox 479 2117 498 2147; x_wconf 89' lang='lat'>1</span> <span class='ocrx_word' id='word_1_145' title='bbox 522 2116 573 2153; x_wconf 88' lang='lat' dir='ltr'><strong>M,</strong></span> <span class='ocrx_word' id='word_1_146' title='bbox 596 2115 615 2146; x_wconf 93' lang='lat'>1</span> <span class='ocrx_word' id='word_1_147' title='bbox 646 2114 691 2152; x_wconf 90' lang='lat' dir='ltr'><strong>K,</strong></span> <span class='ocrx_word' id='word_1_148' title='bbox 723 2112 877 2154; x_wconf 78' lang='lat' dir='ltr'><strong>positione</strong></span> <span class='ocrx_word' id='word_1_149' title='bbox 906 2112 986 2144; x_wconf 77' lang='lat' dir='ltr'><strong>datis</strong></span> <span class='ocrx_word' id='word_1_150' title='bbox 1073 2112 1119 2155; x_wconf 78' lang='lat'><strong>(⁸)</strong></span> <span class='ocrx_word' id='word_1_151' title='bbox 1138 2113 1226 2143; x_wconf 88' lang='lat' dir='ltr'><strong>Hinc</strong></span> <span class='ocrx_word' id='word_1_152' title='bbox 1239 2113 1266 2143; x_wconf 80' lang='lat' dir='ltr'><strong>si</strong></span> <span class='ocrx_word' id='word_1_153' title='bbox 1280 2113 1372 2144; x_wconf 65' lang='lat' dir='ltr'><strong>linea</strong></span> <span class='ocrx_word' id='word_1_154' title='bbox 1384 2120 1518 2154; x_wconf 77' lang='lat' dir='ltr'><strong>quatuor</strong></span> <span class='ocrx_word' id='word_1_155' title='bbox 1530 2120 1567 2145; x_wconf 76' lang='lat' dir='ltr'><strong>ut</strong></span> <span class='ocrx_word' id='word_1_156' title='bbox 1582 2115 1613 2146; x_wconf 86' lang='lat' dir='ltr'><strong>E</strong></span> <span class='ocrx_word' id='word_1_157' title='bbox 1630 2115 1675 2152; x_wconf 92' lang='lat' dir='ltr'><strong>D,</strong></span> <span class='ocrx_word' id='word_1_158' title='bbox 1690 2125 1708 2146; x_wconf 81' lang='lat' dir='ltr'><strong>e</strong></span> <span class='ocrx_word' id='word_1_159' title='bbox 1721 2125 1752 2155; x_wconf 87' lang='lat' dir='ltr'><strong>q,</strong></span> <span class='ocrx_word' id='word_1_160' title='bbox 1769 2115 1800 2146; x_wconf 89' lang='grc' dir='ltr'><strong>Ε</strong></span> <span class='ocrx_word' id='word_1_161' title='bbox 1816 2115 1857 2152; x_wconf 84' lang='lat' dir='ltr'><strong>Q.</strong></span> 
     </span>
     <span class='ocr_line' id='line_1_24' title="bbox 159 2155 1860 2201; baseline 0 -13"><span class='ocrx_word' id='word_1_162' title='bbox 159 2161 296 2201; x_wconf 67' lang='lat' dir='ltr'><strong>capiatur</strong></span> <span class='ocrx_word' id='word_1_163' title='bbox 309 2170 331 2200; x_wconf 93' lang='lat' dir='ltr'>q</span> <span class='ocrx_word' id='word_1_164' title='bbox 345 2160 389 2197; x_wconf 69' lang='lat' dir='ltr'><strong>N,</strong></span> <span class='ocrx_word' id='word_1_165' title='bbox 411 2159 451 2190; x_wconf 80' lang='lat' dir='ltr'><strong>ad</strong></span> <span class='ocrx_word' id='word_1_166' title='bbox 467 2159 497 2189; x_wconf 88' lang='lat' dir='ltr'><strong>E</strong></span> <span class='ocrx_word' id='word_1_167' title='bbox 523 2159 560 2195; x_wconf 90' lang='lat' dir='ltr'><strong>F,</strong></span> <span class='ocrx_word' id='word_1_168' title='bbox 582 2164 619 2188; x_wconf 86' lang='lat' dir='ltr'><strong>ut</strong></span> <span class='ocrx_word' id='word_1_169' title='bbox 632 2162 678 2187; x_wconf 78' lang='lat' dir='ltr'><strong>est</strong></span> <span class='ocrx_word' id='word_1_170' title='bbox 694 2167 717 2197; x_wconf 92' lang='lat' dir='ltr'>q</span> <span class='ocrx_word' id='word_1_171' title='bbox 737 2157 780 2194; x_wconf 83' lang='lat' dir='ltr'><strong>Q,</strong></span> <span class='ocrx_word' id='word_1_172' title='bbox 802 2155 844 2186; x_wconf 72' lang='lat' dir='ltr'><strong>ad</strong></span> <span class='ocrx_word' id='word_1_173' title='bbox 858 2155 889 2186; x_wconf 88' lang='grc' dir='ltr'><strong>Ε</strong></span> <span class='ocrx_word' id='word_1_174' title='bbox 904 2166 932 2192; x_wconf 86' lang='lat' dir='ltr'><strong>e,</strong></span> <span class='ocrx_word' id='word_1_175' title='bbox 955 2161 987 2186; x_wconf 79' lang='lat' dir='ltr'><strong>et</strong></span> <span class='ocrx_word' id='word_1_176' title='bbox 1033 2156 1066 2191; x_wconf 89' lang='lat' dir='ltr'>Q</span> <span class='ocrx_word' id='word_1_177' title='bbox 1086 2156 1116 2186; x_wconf 94' lang='lat' dir='ltr'><strong>B</strong></span> <span class='ocrx_word' id='word_1_178' title='bbox 1137 2155 1304 2186; x_wconf 67' lang='lat' dir='ltr'><strong>sectionem</strong></span> <span class='ocrx_word' id='word_1_179' title='bbox 1320 2156 1460 2187; x_wconf 73' lang='lat' dir='ltr'><strong>conicum</strong></span> <span class='ocrx_word' id='word_1_180' title='bbox 1474 2163 1604 2198; x_wconf 74' lang='lat' dir='ltr'><strong>tangant</strong></span> <span class='ocrx_word' id='word_1_181' title='bbox 1617 2163 1649 2188; x_wconf 83' lang='lat' dir='ltr'><strong>et</strong></span> <span class='ocrx_word' id='word_1_182' title='bbox 1669 2157 1727 2188; x_wconf 85' lang='lat' dir='ltr'><strong>sibi</strong></span> <span class='ocrx_word' id='word_1_183' title='bbox 1747 2156 1860 2188; x_wconf 66' lang='lat' dir='ltr'><strong>mutus)</strong></span> 
     </span>
     <span class='ocr_line' id='line_1_25' title="bbox 159 2200 1850 2243; baseline 0.002 -10"><span class='ocrx_word' id='word_1_184' title='bbox 159 2210 276 2243; x_wconf 75' lang='lat' dir='ltr'><strong>puncta</strong></span> <span class='ocrx_word' id='word_1_185' title='bbox 290 2203 333 2240; x_wconf 81' lang='lat' dir='ltr'><strong>N,</strong></span> <span class='ocrx_word' id='word_1_186' title='bbox 360 2202 396 2239; x_wconf 91' lang='lat' dir='ltr'><strong>F,</strong></span> <span class='ocrx_word' id='word_1_187' title='bbox 419 2207 566 2241; x_wconf 78' lang='lat' dir='ltr'><strong>tanquam</strong></span> <span class='ocrx_word' id='word_1_188' title='bbox 1847 2200 1850 2202; x_wconf 10' lang='grc' dir='ltr'>μ</span> 
     </span>
     <span class='ocr_line' id='line_1_26' title="bbox 159 2242 568 2276; baseline -0.01 0"><span class='ocrx_word' id='word_1_189' title='bbox 159 2245 232 2276; x_wconf 77' lang='lat' dir='ltr'><strong>data</strong></span> <span class='ocrx_word' id='word_1_190' title='bbox 254 2254 310 2275; x_wconf 88' lang='lat' dir='ltr'><strong>seu</strong></span> <span class='ocrx_word' id='word_1_191' title='bbox 338 2245 400 2274; x_wconf 77' lang='lat' dir='ltr'><strong>fixa</strong></span> <span class='ocrx_word' id='word_1_192' title='bbox 428 2242 568 2274; x_wconf 80' lang='lat' dir='ltr'><strong>conside-</strong></span> 
     </span>
    </p>
   </div>
   <div class='ocr_carea' id='block_1_8' title="bbox 156 2664 1858 3050">
    <p class='ocr_par' dir='ltr' id='par_1_8' title="bbox 156 2664 1374 2877">
     <span class='ocr_line' id='line_1_27' title="bbox 156 2664 565 2706; baseline -0.005 -11"><span class='ocrx_word' id='word_1_193' title='bbox 156 2665 345 2706; x_wconf 86' lang='lat' dir='ltr'><strong>junguntur,</strong></span> <span class='ocrx_word' id='word_1_194' title='bbox 368 2670 509 2695; x_wconf 84' lang='lat' dir='ltr'><strong>secentur</strong></span> <span class='ocrx_word' id='word_1_195' title='bbox 530 2664 565 2694; x_wconf 89' lang='lat' dir='ltr'><strong>in</strong></span> 
     </span>
     <span class='ocr_line' id='line_1_28' title="bbox 159 2707 562 2746; baseline 0.017 -10"><span class='ocrx_word' id='word_1_196' title='bbox 159 2707 279 2738; x_wconf 76' lang='lat' dir='ltr'><strong>ratione</strong></span> <span class='ocrx_word' id='word_1_197' title='bbox 294 2707 364 2738; x_wconf 60' lang='lat' dir='ltr'><strong>data</strong></span> <span class='ocrx_word' id='word_1_198' title='bbox 378 2707 412 2737; x_wconf 77' lang='lat' dir='ltr'><strong>in</strong></span> <span class='ocrx_word' id='word_1_199' title='bbox 429 2716 458 2742; x_wconf 74' lang='grc' dir='ltr'><strong>Χ,</strong></span> <span class='ocrx_word' id='word_1_200' title='bbox 480 2716 510 2746; x_wconf 71' lang='lat' dir='ltr'><strong>y,</strong></span> <span class='ocrx_word' id='word_1_201' title='bbox 532 2716 562 2742; x_wconf 89' lang='lat' dir='ltr'><strong>o,</strong></span> 
     </span>
     <span class='ocr_line' id='line_1_29' title="bbox 158 2749 562 2788; baseline -0.002 -9"><span class='ocrx_word' id='word_1_202' title='bbox 158 2755 277 2787; x_wconf 79' lang='lat' dir='ltr'><strong>puncta</strong></span> <span class='ocrx_word' id='word_1_203' title='bbox 299 2749 404 2779; x_wconf 88' lang='lat' dir='ltr'><strong>omnia</strong></span> <span class='ocrx_word' id='word_1_204' title='bbox 425 2759 455 2785; x_wconf 88' lang='lat' dir='ltr'><strong>x,</strong></span> <span class='ocrx_word' id='word_1_205' title='bbox 477 2759 508 2788; x_wconf 89' lang='lat' dir='ltr'><strong>y,</strong></span> <span class='ocrx_word' id='word_1_206' title='bbox 531 2758 562 2786; x_wconf 91' lang='lat' dir='ltr'><strong>o,</strong></span> 
     </span>
     <span class='ocr_line' id='line_1_30' title="bbox 157 2790 1374 2834; baseline 0.002 -13"><span class='ocrx_word' id='word_1_207' title='bbox 157 2791 303 2821; x_wconf 79' lang='lat' dir='ltr'><strong>locantur</strong></span> <span class='ocrx_word' id='word_1_208' title='bbox 318 2791 352 2821; x_wconf 87' lang='lat' dir='ltr'><strong>in</strong></span> <span class='ocrx_word' id='word_1_209' title='bbox 365 2791 430 2821; x_wconf 56' lang='lat' dir='ltr'><strong>una</strong></span> <span class='ocrx_word' id='word_1_210' title='bbox 439 2790 564 2821; x_wconf 63' lang='lat' dir='ltr'><strong>effidem-</strong></span> <span class='ocrx_word' id='word_1_211' title='bbox 660 2815 698 2834; x_wconf 34' lang='grc' dir='ltr'><strong>κ.</strong></span> <span class='ocrx_word' id='word_1_212' title='bbox 930 2822 936 2831; x_wconf 70' lang='grc'><strong>,</strong></span> <span class='ocrx_word' id='word_1_213' title='bbox 1112 2819 1119 2827; x_wconf 84' lang='grc'><em>,</em></span> <span class='ocrx_word' id='word_1_214' title='bbox 1367 2820 1374 2828; x_wconf 83' lang='grc'><strong>,</strong></span> 
     </span>
     <span class='ocr_line' id='line_1_31' title="bbox 160 2831 1219 2877; baseline 0.006 -15"><span class='ocrx_word' id='word_1_215' title='bbox 160 2843 222 2873; x_wconf 86' lang='lat' dir='ltr'><strong>que</strong></span> <span class='ocrx_word' id='word_1_216' title='bbox 251 2832 335 2863; x_wconf 63' lang='lat' dir='ltr'><strong>rectfi</strong></span> <span class='ocrx_word' id='word_1_217' title='bbox 376 2842 397 2862; x_wconf 84' lang='lat' dir='ltr'>x</span> <span class='ocrx_word' id='word_1_218' title='bbox 425 2843 456 2872; x_wconf 85' lang='lat' dir='ltr'><strong>y,</strong></span> <span class='ocrx_word' id='word_1_219' title='bbox 495 2835 564 2874; x_wconf 82' lang='lat' dir='ltr'><strong>(per</strong></span> <span class='ocrx_word' id='word_1_220' title='bbox 606 2831 948 2877; x_wconf 45' lang='lat'><strong>*‘———÷-</strong></span> <span class='ocrx_word' id='word_1_221' title='bbox 1214 2867 1219 2868; x_wconf 24' lang='lat'><em>⁷</em></span> 
     </span>
    </p>

    <p class='ocr_par' dir='ltr' id='par_1_9' title="bbox 161 2866 1398 2923">
     <span class='ocr_line' id='line_1_32' title="bbox 161 2866 1398 2923; baseline 0.005 -19"><span class='ocrx_word' id='word_1_222' title='bbox 161 2875 254 2905; x_wconf 77' lang='lat' dir='ltr'><strong>Lem.</strong></span> <span class='ocrx_word' id='word_1_223' title='bbox 276 2874 438 2914; x_wconf 85' lang='lat' dir='ltr'>xxm).</span> <span class='ocrx_word' id='word_1_224' title='bbox 459 2874 492 2904; x_wconf 89' lang='lat' dir='ltr'><strong>Si</strong></span> <span class='ocrx_word' id='word_1_225' title='bbox 506 2874 563 2905; x_wconf 74' lang='lat' dir='ltr'><strong>ita-</strong></span> <span class='ocrx_word' id='word_1_226' title='bbox 606 2866 626 2912; x_wconf 90' lang='grc'>[</span> <span class='ocrx_word' id='word_1_227' title='bbox 822 2872 865 2918; x_wconf 75' lang='grc' dir='ltr'><strong>Ν</strong></span> <span class='ocrx_word' id='word_1_228' title='bbox 935 2873 968 2919; x_wconf 82' lang='lat'><strong>01</strong></span> <span class='ocrx_word' id='word_1_229' title='bbox 1349 2875 1398 2923; x_wconf 74' lang='lat' dir='ltr'><strong>K</strong></span> 
     </span>
    </p>

    <p class='ocr_par' dir='ltr' id='par_1_10' title="bbox 157 2916 565 2956">
     <span class='ocr_line' id='line_1_33' title="bbox 157 2916 565 2956; baseline -0.002 -9"><span class='ocrx_word' id='word_1_230' title='bbox 157 2927 219 2956; x_wconf 88' lang='lat' dir='ltr'><strong>que</strong></span> <span class='ocrx_word' id='word_1_231' title='bbox 251 2922 334 2947; x_wconf 84' lang='lat' dir='ltr'><strong>recta</strong></span> <span class='ocrx_word' id='word_1_232' title='bbox 364 2926 385 2946; x_wconf 81' lang='lat' dir='ltr'>x</span> <span class='ocrx_word' id='word_1_233' title='bbox 410 2926 440 2955; x_wconf 88' lang='lat' dir='ltr'><strong>y,</strong></span> <span class='ocrx_word' id='word_1_234' title='bbox 464 2916 565 2946; x_wconf 78' lang='lat' dir='ltr'><strong>lineas</strong></span> 
     </span>
    </p>

    <p class='ocr_par' dir='ltr' id='par_1_11' title="bbox 157 2957 1858 3050">
     <span class='ocr_line' id='line_1_34' title="bbox 157 2957 1858 3006; baseline 0.005 -17"><span class='ocrx_word' id='word_1_235' title='bbox 157 2959 187 2989; x_wconf 90' lang='lat' dir='ltr'><strong>E</strong></span> <span class='ocrx_word' id='word_1_236' title='bbox 198 2969 227 2999; x_wconf 90' lang='lat' dir='ltr'><strong>q,</strong></span> <span class='ocrx_word' id='word_1_237' title='bbox 239 2969 256 2988; x_wconf 91' lang='lat' dir='ltr'><strong>e</strong></span> <span class='ocrx_word' id='word_1_238' title='bbox 269 2959 311 2994; x_wconf 87' lang='lat' dir='ltr'><strong>Q,</strong></span> <span class='ocrx_word' id='word_1_239' title='bbox 322 2957 443 2993; x_wconf 73' lang='lat' dir='ltr'><strong>biset-at,</strong></span> <span class='ocrx_word' id='word_1_240' title='bbox 455 2964 568 2989; x_wconf 73' lang='lat' dir='ltr'><strong>rectam</strong></span> <span class='ocrx_word' id='word_1_241' title='bbox 581 2959 620 2989; x_wconf 88' lang='lat' dir='ltr'>M</span> <span class='ocrx_word' id='word_1_242' title='bbox 633 2959 667 2990; x_wconf 90' lang='lat' dir='ltr'><strong>K</strong></span> <span class='ocrx_word' id='word_1_243' title='bbox 676 2960 829 2997; x_wconf 74' lang='lat' dir='ltr'><strong>bise‘eabit,</strong></span> <span class='ocrx_word' id='word_1_244' title='bbox 845 2960 984 3001; x_wconf 68' lang='lat' dir='ltr'><strong>adefique</strong></span> <span class='ocrx_word' id='word_1_245' title='bbox 1024 2969 1186 2994; x_wconf 73' lang='lat' dir='ltr'><strong>occurrant</strong></span> <span class='ocrx_word' id='word_1_246' title='bbox 1210 2963 1243 2992; x_wconf 88' lang='lat' dir='ltr'><strong>in</strong></span> <span class='ocrx_word' id='word_1_247' title='bbox 1265 2963 1387 3002; x_wconf 83' lang='lat' dir='ltr'><strong>punctis</strong></span> <span class='ocrx_word' id='word_1_248' title='bbox 1400 2973 1427 2999; x_wconf 84' lang='lat' dir='ltr'><strong>e,</strong></span> <span class='ocrx_word' id='word_1_249' title='bbox 1453 2964 1495 3001; x_wconf 88' lang='lat' dir='ltr'><strong>E,</strong></span> <span class='ocrx_word' id='word_1_250' title='bbox 1520 2974 1549 3005; x_wconf 87' lang='lat' dir='ltr'><strong>q,</strong></span> <span class='ocrx_word' id='word_1_251' title='bbox 1568 2965 1604 3000; x_wconf 88' lang='lat' dir='ltr'>Q</span> <span class='ocrx_word' id='word_1_252' title='bbox 1624 2964 1858 3006; x_wconf 66' lang='lat' dir='ltr'><strong>jungunturque</strong></span> 
     </span>
     <span class='ocr_line' id='line_1_35' title="bbox 158 3001 1858 3050; baseline 0.004 -18"><span class='ocrx_word' id='word_1_253' title='bbox 158 3001 250 3043; x_wconf 81' lang='lat'>(886)</span> <span class='ocrx_word' id='word_1_254' title='bbox 266 3010 321 3041; x_wconf 81' lang='lat' dir='ltr'><strong>per</strong></span> <span class='ocrx_word' id='word_1_255' title='bbox 333 3005 474 3032; x_wconf 74' lang='lat' dir='ltr'><strong>centrum</strong></span> <span class='ocrx_word' id='word_1_256' title='bbox 488 3001 630 3032; x_wconf 76' lang='lat' dir='ltr'><strong>sectionis</strong></span> <span class='ocrx_word' id='word_1_257' title='bbox 645 3002 760 3032; x_wconf 72' lang='lat' dir='ltr'><strong>oonieae</strong></span> <span class='ocrx_word' id='word_1_258' title='bbox 778 3003 927 3034; x_wconf 74' lang='lat' dir='ltr'><strong>transibit.</strong></span> <span class='ocrx_word' id='word_1_259' title='bbox 1025 3011 1140 3042; x_wconf 75' lang='lat' dir='ltr'><strong>puncta</strong></span> <span class='ocrx_word' id='word_1_260' title='bbox 1159 3005 1298 3044; x_wconf 74' lang='lat' dir='ltr'><strong>opposita</strong></span> <span class='ocrx_word' id='word_1_261' title='bbox 1311 3015 1339 3043; x_wconf 89' lang='lat' dir='ltr'><strong>e,</strong></span> <span class='ocrx_word' id='word_1_262' title='bbox 1358 3006 1432 3042; x_wconf 82' lang='lat' dir='ltr'><strong>Qet</strong></span> <span class='ocrx_word' id='word_1_263' title='bbox 1446 3006 1488 3044; x_wconf 84' lang='lat' dir='ltr'><strong>E,</strong></span> <span class='ocrx_word' id='word_1_264' title='bbox 1503 3016 1533 3047; x_wconf 88' lang='lat' dir='ltr'><strong>q,</strong></span> <span class='ocrx_word' id='word_1_265' title='bbox 1555 3007 1756 3050; x_wconf 67' lang='lat' dir='ltr'><strong>bifarhrmlue</strong></span> <span class='ocrx_word' id='word_1_266' title='bbox 1780 3007 1858 3038; x_wconf 81' lang='lat' dir='ltr'><strong>divi.-</strong></span> 
     </span>
    </p>
   </div>
   <div class='ocr_carea' id='block_1_9' title="bbox 990 3059 1064 3090">
    <p class='ocr_par' dir='ltr' id='par_1_12' title="bbox 990 3059 1064 3090">
     <span class='ocr_line' id='line_1_36' title="bbox 990 3059 1064 3090; baseline 0 0"><span class='ocrx_word' id='word_1_267' title='bbox 990 3059 1064 3090; x_wconf 83' lang='lat' dir='ltr'><strong>M2</strong></span> 
     </span>
    </p>
   </div>
  </div>
 </body>
</html>
