2086 3542
260 255 343 294 268
662 248 1109 292 PHILOSOPHIAE
1142 247 1500 292 NATURALlS
1588 248 1730 301 [Mor.
1752 215 1954 296 Gomon.
1984 309 1989 315 Ι

261 364 395 420 ellipsi
422 362 564 406 mobili
594 365 659 417 (ut
688 361 733 402 in
765 349 1064 415 Propositionis
1084 358 1305 414 superioris
1330 358 1469 400 Corol.
1491 363 1531 400 2.
1552 358 1629 400 vel.
1654 359 1712 412 3.)
1737 359 1954 406 revolvem

260 434 456 478 describit
474 433 516 475 in
537 432 664 488 plano
684 430 899 481 immobili,
920 429 1090 472 accedat
1108 429 1162 471 ad
1179 428 1354 473 formam
1373 429 1484 471 orbis
1504 429 1618 485 cujus
1640 429 1800 485 apsides
1817 432 1954 491 requi-

260 502 419 555 runtur,
441 511 483 546 et
502 501 726 559 quaerendo
744 500 908 555 apsides
928 500 1038 542 orbis
1058 513 1180 555 quem
1200 513 1350 554 corpus
1384 498 1487 540 illud
1517 499 1562 540 in
1593 499 1720 555 plano
1752 500 1954 543 immobili

259 574 465 618 describit.
525 573 660 616 Orbes
681 580 820 613 autem
839 570 1014 612 eandem
1048 570 1260 626 acquirent
1284 569 1471 621 formam,
1508 570 1543 612 si
1575 571 1681 613 vires
1716 571 1953 627 centripetae

260 646 407 702 quibus
427 644 728 693 describuntur,
750 642 858 682 inter
877 655 922 682 se
942 639 1115 689 collatae,
1137 640 1177 680 in
1209 639 1434 696 aequalibus
1465 640 1746 683 altitudinibus
1776 641 1953 684 reddan-

257 724 327 758 tur
357 713 698 771 proportionales.
759 711 822 753 Sit
853 718 1055 766 punctum
1075 709 1116 751 V
1136 709 1245 764 apsis
1280 723 1452 762 summa,
1489 718 1531 753 et
1563 711 1794 754 scribantur
1814 713 1856 754 T
1873 727 1952 768 pro

258 785 472 828 altitudine
491 782 669 825 maxima
693 781 729 824 C
750 780 802 832 V,
825 781 866 822 A
885 795 963 837 pro
990 779 1205 822 altitudine
1237 779 1379 836 quavis
1411 779 1492 822 alia
1524 781 1560 823 C
1583 781 1618 822 P
1636 782 1702 823 vel
1723 782 1759 824 C
1778 797 1820 837 p,
1842 790 1885 824 et
1905 783 1951 824 X

258 871 337 912 pro
366 855 627 897 altitudinum
663 851 892 894 differentia
926 851 962 893 C
983 850 1023 893 V
1042 875 1100 884 —
1122 850 1158 892 C
1179 850 1216 892 P
1229 866 1241 900 3
1273 857 1314 892 et
1343 851 1418 902 vis,
1453 850 1534 907 qua
1568 865 1716 906 corpus
1746 851 1790 893 in
1821 850 1952 908 ellipsi

256 927 366 969 circa
422 925 661 967 umbilicum
710 937 830 966 suum
879 922 917 965 C
966 925 1030 978 (ut
1075 922 1120 963 in
1170 921 1310 964 Corol.
1360 923 1418 976 2.)
1475 923 1709 965 revolvente
1747 933 1949 976 movetur,

1050 993 1086 1034 F
1108 993 1143 1034 F
1272 993 1312 1034 R
1335 993 1378 1035 G
1400 993 1444 1036 G
1462 1018 1519 1026 —
1542 994 1583 1035 R
1605 994 1640 1035 F
1663 994 1699 1035 F
1751 1008 1754 1010 ·

257 1053 431 1096 quaeque
468 1038 513 1079 in
563 1036 703 1080 Corol.
753 1040 793 1077 2.
833 1043 921 1078 erat
958 1042 1006 1077 ut
1049 1051 1145 1102 Π
1180 1040 1223 1085 -Ι-
1268 1052 1710 1102 w,
1740 1035 1785 1077 id
1814 1044 1877 1079 est
1905 1045 1953 1080 ut

259 1131 950 1242 ψ,
992 1173 1279 1215 substituendo
1314 1173 1355 1216 T
1377 1163 1444 1206 ¹—
1483 1174 1530 1216 X
1568 1188 1646 1230 pro
1678 1174 1745 1226 -Α,
1791 1175 1870 1218 erit
1906 1183 1954 1218 ut

256 1271 1163 1320 RGG-RFF-ff-TFF—FFX
1244 1287 1246 1289 ·
1822 1316 1832 1325 ,
1915 1317 1925 1326 ,

266 1330 1176 1380 -ῆ--Ἧῄ--ή
1237 1314 1490 1356 Reducenda
1510 1313 1695 1358 sumhoer
1714 1323 1777 1359 est
1792 1331 1854 1359 vis
1873 1316 1953 1360 alta

257 1409 410 1464 quaevis
430 1409 656 1464 centripeta
675 1409 730 1450 ad
748 1409 989 1451 fractionem
1011 1410 1125 1466 cujus
1147 1409 1434 1452 denominator
1454 1411 1507 1452 sit
1526 1412 1567 1453 A
1587 1412 1680 1453 cub.
1700 1420 1743 1454 et
1760 1427 1954 1457 numera-

258 1487 379 1530 tores,
400 1478 507 1521 facta
528 1479 844 1536 homologorum
865 1481 1134 1522 terminorum
1154 1481 1386 1532 collatione,
1417 1481 1622 1524 statuendi
1651 1491 1748 1524 sunt
1774 1483 1951 1541 analogi-

258 1550 342 1592 Res
362 1550 562 1605 exemplis
583 1550 751 1605 patebit.
1772 1563 1777 1565 “
1850 1564 1857 1568 ’

255 1683 343 1708 vatur
356 1687 467 1717 corpus
482 1678 513 1709 Y
536 1678 570 1708 in
595 1679 668 1710 orbe
689 1678 820 1717 immoto
836 1679 867 1710 Y
882 1679 907 1709 Z
922 1678 940 1709 f
956 1678 986 1709 vi
1012 1688 1083 1710 ecn—
1126 1678 1214 1711 cribit
1227 1678 1263 1710 ea
1276 1679 1393 1710 ratione
1406 1689 1501 1721 quam
1522 1679 1720 1719 exposuimus
1741 1679 1834 1720 Prop-
1850 1683 1902 1712 43.
1920 1687 1953 1712 ct

255 1719 364 1759 tripeta
378 1719 448 1750 data
462 1720 606 1751 tendente
620 1720 659 1751 ad
674 1726 815 1751 centrum
833 1722 863 1757 S,
879 1721 977 1761 sitque
987 1731 1084 1760 punc-
1125 1721 1327 1752 inveniendus
1341 1729 1387 1752 est
1400 1722 1540 1761 apsidum
1553 1727 1665 1753 motus.
1709 1722 1750 1752 td
1769 1729 1874 1753 autem
1898 1725 1953 1755 ab·

256 1768 322 1792 tum
339 1763 368 1793 Y
383 1762 462 1802 apsis
483 1773 614 1801 summa,
641 1762 660 1793 f
676 1762 755 1802 apsis
777 1763 841 1793 ima
865 1763 899 1793 in
921 1764 974 1794 illo
999 1764 1081 1794 orbe.
1127 1763 1256 1793 solvitur
1269 1763 1410 1794 faciendo
1420 1770 1456 1794 ut
1466 1763 1547 1794 orbis
1563 1763 1594 1794 V
1604 1773 1655 1802 pn
1670 1775 1696 1795 a·
1707 1763 1773 1806 (fig.
1788 1764 1951 1804 superiori)

1125 1805 1179 1846 qui
1193 1815 1300 1835 omnes
1310 1807 1399 1836 orbes
1413 1811 1450 1836 ut
1465 1805 1495 1836 Y
1508 1806 1533 1835 Z
1547 1805 1566 1835 f
1576 1815 1777 1846 quaecumque
1790 1806 1830 1837 sit
1843 1807 1878 1837 in
1890 1807 1953 1838 illis

866 1866 884 1893 7
1125 1847 1170 1877 vis
1184 1847 1359 1886 centripetae
1372 1847 1422 1877 lex
1437 1847 1619 1887 generaliter
1632 1847 1754 1878 exhibet
1773 1849 1899 1880 accedat
1911 1849 1954 1880 nd

658 1903 690 1938 Z
838 1867 875 1919 5.
1124 1889 1255 1919 formam
1276 1889 1356 1920 orbis
1372 1890 1403 1920 Y
1417 1890 1443 1920 z
1458 1890 1480 1925 f,
1504 1889 1566 1919 sive
1589 1889 1618 1919 ei
1640 1888 1748 1920 similis
1772 1895 1804 1921 et
1828 1891 1954 1932 awaus

1125 1930 1188 1966 fiat,
1204 1941 1239 1962 ac
1253 1931 1417 1971 quaerendo
1431 1931 1549 1970 apsides
1564 1931 1596 1961 V
1610 1943 1642 1967 «τ,
1666 1931 1714 1961 vel
1727 1928 1878 1963 rationem
1897 1941 1953 1964 un-

1125 1972 1272 2013 gulorum
1291 1973 1319 2002 V
1336 1973 1362 2004 C
1380 1973 1415 2007 P.
1434 1973 1465 2003 V
1482 1974 1508 2004 C
1526 1974 1606 2012 p‚in
1629 1974 1702 2004 orbe
1725 1973 1948 2014 inovpnu.

1128 2013 1226 2045 Porro
1249 2015 1274 2045 si
1299 2025 1507 2054 supponamus
1528 2016 1633 2046 orbem
1655 2015 1688 2046 V
1700 2025 1721 2054 p
1735 2025 1757 2045 n
1771 2028 1804 2053 π’,
1819 2017 1952 2048 simil·-

1127 2063 1158 2086 et
1173 2056 1321 2096 aequalem
1335 2057 1452 2088 factum
1468 2066 1532 2087 esse
1545 2058 1611 2088 orbi
1627 2058 1657 2088 Y
1674 2058 1700 2088 Z
1713 2057 1734 2094 ᾗ
1750 2059 1808 2090 erit
1819 2059 1866 2090 vis
1879 2068 1952 2090 ea!-

1125 2098 1235 2137 tripeta
1248 2098 1281 2128 in
1295 2099 1393 2139 ellipsi
1415 2098 1543 2130 immota
1567 2100 1656 2140 cujus
1680 2100 1844 2132 umbilicus
1866 2101 1889 2132 S
1902 2100 1952 2133 vel

1130 2167 1155 2198 C
1177 2140 1620 2224 ut}{,etviscentripeta
1643 2167 1675 2198 in
1700 2168 1769 2199 loco
1790 2169 1898 2210 quovis
1921 2169 1949 2205 Ζ

470 2242 504 2296 f
1126 2235 1949 2322 orbisYZfivelinlocoP.orbisznu,m}-}

1182 2328 1256 2359 RG
1272 2328 1460 2360 G-RFF
1514 2329 1950 2371 FFA÷RGG—RF.F

841 2380 880 2432 S
1125 2355 1168 2397 '¹'
1293 2381 1324 2411 A
1339 2382 1355 2403 ³
1463 2367 1945 2411 ²—7T—

1126 2422 1211 2472 —R
1226 2422 1255 2452 G
1271 2422 1864 2479 G—RFF-l-TFF-FFx:
1883 2423 1936 2475 E-

1125 2515 1338 2549 substituendo
1354 2515 1384 2545 T
1396 2532 1439 2541 -
1455 2475 1493 2546 {A}
1504 2475 1560 2555 gro
1577 2515 1607 2546 A
1634 2516 1666 2546 in
1691 2473 1951 2554 numeratongzi

1127 2560 1155 2590 P
1182 2567 1238 2597 pro
1266 2563 1458 2588 numerator-e
1486 2564 1560 2589 toto.
1621 2557 1716 2589 Unde
1743 2558 1769 2588 si
1796 2561 1949 2600 quamius

1138 2602 1170 2637 Q

1125 2642 1184 2680 F
1199 2624 1262 2654 vim
1276 2625 1472 2664 centripemm
1488 2626 1522 2656 in
1531 2626 1601 2657 loco
1608 2625 1715 2668 quovis
1727 2625 1753 2656 Ζ
1763 2626 1846 2659 orbis
1858 2627 1888 2659 Y
1898 2628 1924 2661 Z
1934 2629 1957 2660 f

832 2745 878 2800 F
1123 2724 1262 2758 exponat,
1279 2728 1375 2760 eaque
1389 2719 1429 2750 sit
1442 2718 1521 2756 data,
1537 2719 1594 2750 erit
1606 2693 1679 2774 Ᾱ-ΡΤ
1692 2719 1733 2750 ad
1751 2694 1818 2775 ἐξ
1831 2721 1865 2753 in
1877 2721 1949 2754 M

259 2835 414 2868 Umbilico
430 2838 462 2875 S,
478 2843 509 2869 et
523 2848 580 2869 axe
593 2844 762 2870 transverso
779 2810 814 2870 Y⁴
826 2839 847 2869 S
865 2837 891 2869 F
903 2850 949 2867 =
964 2836 993 2868 Y
1008 2837 1030 2867 S
1041 2836 1084 2879 -ξ-
1123 2810 1248 2842 'atione‘
1286 2812 1332 2843 Sit
1342 2812 1395 2843 ina
1404 2812 1481 2843 mdo
1494 2815 1507 2843 ¹
1522 2811 1561 2843 ad
1575 2812 1614 2849 B'
1627 2818 1658 2843 et
1668 2814 1724 2843 erit
1736 2786 1806 2871 113—13’
1818 2827 1866 2846 ξ
1881 2789 1948 2874 393³

260 2879 282 2908 S
297 2878 319 2914 f,
335 2879 494 2919 descriptae
510 2880 724 2922 intelligantur
738 2881 858 2920 ellipses
878 2879 1042 2910 immobilis
1056 2885 1087 2910 et
1127 2885 1159 2910 et
1175 2879 1203 2910 P
1219 2880 1248 2910 Β
1262 2897 1304 2906 -
1323 2880 1356 2915 Q
1367 2893 1412 2910 =
1427 2891 1457 2911 o.
1502 2881 1588 2911 Loco
1606 2881 1647 2918 A,
1674 2880 1706 2911 in
1720 2882 1890 2922 quantitate
1902 2883 1948 2922 Q,

255 2919 386 2956 mobilis,
418 2922 615 2954 efficiendum
645 2929 690 2953 est
718 2929 754 2953 ut
783 2931 894 2962 corpus
924 2922 954 2952 Y
982 2922 1087 2951 orbem
1127 2922 1327 2952 substituatur
1343 2923 1371 2953 T
1383 2940 1426 2947 —
1443 2923 1487 2960 X,
1510 2929 1541 2953 et
1565 2922 1746 2963 aequalitatis
1772 2925 1800 2956 P
1814 2925 1844 2956 B
1859 2941 1903 2951 ·-
1916 2926 1952 2962 Q,

259 2960 289 2991 Y
305 2961 329 2990 Z
345 2961 361 2991 f
378 2962 560 2999 describens,
577 2965 669 2995 simul
683 2965 857 2995 revolvatur
871 2963 903 2994 in
917 2963 974 2994 hac
989 2962 1088 3002 ellipsi
1129 2976 1174 2993 =
1188 2973 1214 2997 o.
1231 2964 1351 2994 termini
1365 2974 1472 2994 omnes
1486 2965 1608 3006 analogi
1621 2975 1653 2995 se
1666 2972 1778 2997 mutuo
1796 2966 1952 2999 destruere

256 3002 372 3040 mobili,
387 3004 463 3035 dum
477 3015 590 3046 corpus
605 3007 691 3038 aliud
705 3006 839 3047 ellipsim
850 3006 1009 3037 immotam
1020 3005 1087 3036 des·
1130 3005 1250 3044 debent,
1267 3006 1324 3036 hoc
1338 3012 1392 3045 cst,
1408 3007 1530 3038 termini
1541 3017 1647 3039 omnes
1657 3007 1782 3041 datiseu
1796 3009 1830 3040 in
1839 3009 1951 3051 quibus

2082 2966 2086 3025 i

2084 3062 2086 3070 ι

2082 3074 2086 3088 1
