2086 3542
223 272 278 310 20

214 383 312 439 jore
345 381 386 424 Ο
407 380 445 423 L
465 379 719 422 describatur
750 377 924 420 circulus
953 390 1022 418 oc-

167 448 170 499 }
224 465 393 493 currens
420 450 492 491 filo
523 449 575 491 M
608 449 644 491 A
668 449 710 489 in
743 449 806 491 D:
850 454 890 489 et
921 455 1023 489 actae
1064 432 1116 474 Μ

170 511 171 514 ¹
225 526 346 561 reetae
379 519 420 562 Ο
450 520 494 561 D
522 517 718 574 parallela
757 517 808 558 sit
828 516 868 557 A
901 516 952 565 C,
985 524 1026 557 et

226 588 574 644 perpendicularis
594 588 686 629 DC
707 587 770 642 (e).
814 585 1024 635 Quoniam
1084 609 1093 621 t

225 658 328 700 nihil
366 658 504 709 refert,
540 665 680 698 utrum
706 655 872 696 filorum
897 667 1027 708 punc-

226 735 281 779 ta,
306 729 363 780 K,
387 729 439 779 L,
462 729 520 779 D,
543 728 665 769 affixa
684 726 776 776 sint,
798 739 852 766 an
866 738 951 765 non
971 722 1030 764 af-
1063 717 1108 762 D

226 798 312 839 fixa
325 797 378 838 ad
392 797 565 852 planum
581 803 683 837 rotae
688 811 700 845 3
721 794 906 849 pondera
913 780 1031 834 'idem

227 865 432 916 valebunt,
473 879 522 906 ac
561 864 595 904 si
634 862 979 917 suspenderentur
1007 876 1033 902 a

226 934 388 989 punctis
411 933 453 975 K
474 941 515 975 et
537 934 574 976 L
595 933 659 975 vel
680 933 724 975 D
745 939 786 973 et
806 932 858 973 L.
919 932 1032 974 Pon·-

647 255 1096 306 PHILOSOPHIAE
1128 251 1489 296 NATURALIS

1628 252 1824 302 [Axrou.
1843 255 1940 299 sum

227 1002 334 1044 deris
355 1000 400 1058 (f)
421 1010 559 1044 autem
580 1003 619 1044 A
641 1007 872 1056 exponatur
890 1001 951 1042 vis
971 1008 1034 1042 ιο-
1094 1046 1125 1054 Α

228 1079 265 1111 ta
285 1085 362 1126 per
372 1070 524 1112 lineam
544 1071 589 1113 D
610 1071 665 1120 A,
689 1076 730 1111 et
747 1069 838 1110 haec
859 1069 1036 1111 resolve.

1097 1093 1124 1102 *f

229 1139 352 1179 turin
367 1139 472 1179 vires
490 1140 529 1179 A
540 1139 590 1188 C,
615 1138 651 1180 C
670 1137 728 1188 D,
751 1152 925 1192 quarum
942 1138 983 1178 A
1000 1137 1036 1179 C
1071 1119 1130 1169 A

229 1208 430 1250 trahendo
470 1207 631 1248 radium
667 1207 708 1248 O
747 1207 792 1248 D
827 1206 981 1248 directe
1015 1223 1040 1248 a

228 1278 370 1320 centro
382 1276 486 1318 nihil
502 1276 608 1318 valet
626 1275 680 1317 ad
687 1266 942 1317 'movendam
953 1283 1105 1328 rotam3
1125 1277 1185 1319 vis
1204 1283 1341 1319 autem
1356 1277 1482 1319 altera
1497 1278 1541 1320 D
1557 1277 1607 1328 C,
1621 1274 1822 1317 trahendo
1833 1274 1943 1316 radi-

228 1364 300 1390 um
320 1349 365 1391 D
388 1349 429 1391 O
443 1346 848 1403 perpendiculariter,
872 1347 982 1388 idem
1001 1348 1109 1390 valet
1120 1363 1168 1390 ac
1181 1349 1215 1390 si
1228 1348 1622 1404 perpendiculariter
1640 1347 1822 1390 traheret
1835 1347 1949 1389 radi-

230 1435 302 1460 um
324 1419 365 1460 O
387 1419 425 1461 L
446 1419 524 1473 ipsi
547 1418 588 1460 O
609 1417 653 1459 D
673 1417 874 1473 aequaleln
881 1434 892 1468 3
923 1417 1003 1460 hoc
1023 1427 1095 1470 est,
1126 1418 1236 1460 idem
1256 1428 1378 1476 atque
1393 1419 1554 1475 pondus
1576 1419 1625 1470 P,
1648 1419 1681 1460 si
1700 1418 1826 1460 modo
1837 1431 1942 1474 pon-

230 1490 307 1531 dus
327 1489 430 1530 illud
450 1489 501 1529 sit
520 1488 574 1529 ad
599 1487 762 1542 pondus
783 1488 824 1529 A
844 1494 891 1529 ut
910 1489 969 1530 vis
1000 1488 1045 1530 D
1068 1490 1104 1532 C
1125 1490 1179 1531 ad
1198 1490 1281 1531 vim
1302 1490 1346 1532 D
1368 1491 1421 1541 A,
1451 1490 1495 1531 id
1515 1497 1575 1531 est
1604 1489 1675 1545 (ob
1707 1489 1854 1531 similia
1871 1487 1945 1530 tri-

230 1560 382 1617 angula
405 1559 440 1600 A
462 1559 507 1600 D
527 1558 575 1608 C,
599 1557 643 1599 D
666 1557 707 1599 O
729 1556 804 1610 K,)
835 1565 882 1599 ut
902 1557 942 1600 Ο
965 1558 1008 1600 Κ
1027 1559 1081 1600 ad
1103 1559 1143 1601 Ο
1163 1560 1208 1602 D
1229 1575 1300 1602 seu
1321 1560 1362 1602 Ο
1375 1560 1427 1603 L.
1487 1560 1679 1602 Pondera
1697 1560 1823 1616 igitur
1842 1560 1884 1602 A
1904 1566 1944 1604 et

233 1632 283 1682 P,
316 1645 408 1686 quae
428 1636 522 1670 sunt
541 1626 750 1683 reciproce
770 1635 816 1670 ut
835 1628 940 1670 radii
958 1629 1003 1670 in
1023 1629 1223 1672 directum
1242 1631 1364 1687 positi
1385 1630 1427 1672 Ο
1449 1630 1491 1672 Κ
1511 1638 1552 1671 et
1573 1629 1614 1672 O
1633 1630 1686 1682 L,
1722 1630 1833 1671 idem
1850 1629 1943 1685 pol-

229 1701 386 1752 lebunt,
418 1707 459 1742 et
486 1700 543 1741 sic
582 1699 802 1741 consistent
834 1699 876 1740 in
907 1700 1153 1757 aequilibrio:
1185 1716 1278 1758 quae
1312 1709 1372 1743 est
1400 1701 1628 1757 proprietas
1653 1701 1863 1742 notissima
1892 1699 1947 1756 (Β)

235 1813 268 1844 D
292 1811 334 1848 E,
360 1810 394 1841 D
409 1810 444 1846 C.
466 1809 502 1840 in
525 1809 660 1842 mediam
687 1808 937 1849 aequipollentem
967 1810 1000 1841 D
1028 1810 1068 1847 A,

235 1853 307 1896 (35)
324 1852 479 1892 componi,
501 1858 593 1892 atque
615 1849 693 1882 adeo
717 1851 781 1882 vim
791 1857 828 1882 ιιι
845 1852 924 1890 DA,
946 1852 981 1882 in
995 1853 1071 1884 late-

234 1896 313 1927 rales
339 1896 373 1926 D
391 1895 430 1929 E.
460 1895 493 1925 D
522 1895 557 1928 C,
589 1893 805 1935 aequ1valentes
832 1894 942 1924 resolvi
971 1905 1069 1934 posse.

238 1939 344 1975 Quare
371 1938 437 1979 (55.
460 1937 518 1976 56)
543 1936 623 1967 vires
646 1942 858 1976 quotcumque
879 1936 1020 1968 laterales
1040 1937 1074 1967 in

236 1990 332 2012 unam
361 1979 595 2020 aequivalentem
619 1978 763 2018 componi
792 1985 928 2018 possunt,
966 1985 997 2009 et
1023 1979 1070 2010 vis

235 2022 380 2064 quaelibet
390 2021 424 2051 in
437 2021 514 2052 alias
527 2030 737 2062 quascumque
748 2020 806 2060 ipsi
817 2020 910 2052 simul
921 2021 1070 2062 aequipol-

234 2065 332 2096 lentes
345 2069 446 2104 potest
459 2063 578 2094 resolvi.

230 2135 235 2139 .
279 2111 330 2138 42.
357 2105 552 2137 Producatur
568 2105 600 2136 A
618 2105 660 2141 D,
683 2105 724 2136 ad
748 2116 775 2140 a.
801 2106 846 2137 ita
869 2111 906 2136 ut
928 2106 962 2137 D
977 2105 1017 2146 A,
1041 2112 1072 2137 et

239 2150 273 2180 D
288 2160 315 2185 a,
340 2148 473 2189 aequales
493 2149 563 2185 sint,
580 2153 612 2179 et
624 2147 677 2183 vis,
699 2154 736 2178 ut
749 2149 782 2179 D
797 2158 824 2185 a,
842 2147 934 2188 juxta
948 2147 1070 2179 directi-

237 2202 331 2222 onem
365 2191 397 2221 D
438 2191 477 2226 A,
513 2196 624 2231 urgeat
650 2196 804 2229 punctum
834 2190 867 2221 D
877 2203 888 2228 3
916 2197 1071 2230 punctum

237 2233 318 2264 illud
341 2234 385 2270 D,
415 2232 536 2263 duabus
564 2232 680 2263 viribus
707 2233 740 2263 D
770 2234 812 2269 A,
848 2232 1017 2274 aequalibus
1040 2239 1072 2264 et

238 2275 398 2306 contrariis
426 2275 636 2311 sollicitatum,
668 2274 835 2306 immotum
861 2275 1071 2314 permanebit3

239 2318 293 2348 sed
317 2318 363 2347 vis
386 2317 490 2347 media
506 2317 538 2346 D
555 2317 596 2352 A,
621 2316 782 2357 aequivalet
801 2317 915 2348 viribus
929 2316 1074 2356 separatis

241 2361 274 2391 D
292 2360 332 2396 E,
358 2360 390 2390 D
409 2360 445 2396 C,
474 2359 555 2401 (41),
582 2357 656 2400 ergo
677 2359 703 2389 si
717 2365 871 2398 punctum
886 2359 930 2395 D,
953 2358 1074 2390 sublata

240 2404 277 2438 vi,
305 2403 337 2433 D
355 2404 395 2438 A,
417 2401 516 2432 tribus
536 2401 653 2432 viribus
669 2401 702 2432 D
717 2411 745 2437 a,
771 2402 805 2432 D
818 2402 858 2437 Ε,
878 2402 911 2432 D
930 2400 965 2436 C,
982 2409 1074 2442 urgo

240 2451 316 2480 atur,
344 2453 409 2474 non
422 2443 604 2480 movebitur,
632 2443 687 2474 sed
708 2443 766 2475 erit
789 2444 871 2474 inter
883 2443 964 2474 vires
978 2443 1075 2485 aequi-

239 2486 375 2517 librium.

282 2532 333 2559 43.
357 2528 388 2559 Si
403 2533 556 2568 punctum
572 2528 617 2565 D,
632 2527 730 2566 tribus
744 2528 860 2560 viribus
882 2529 916 2559 D
930 2538 957 2564 a,
983 2528 1016 2559 D
1033 2528 1073 2564 E.

244 2571 277 2602 D
302 2571 337 2607 C,
360 2571 394 2601 in
415 2570 585 2610 aequilibrio
607 2569 780 2601 constitutis
801 2576 958 2611 urgeatur,
989 2580 1074 2600 com-

240 2612 323 2652 pleto
337 2612 624 2654 parallelogrammo
639 2612 669 2642 E
686 2612 724 2650 C,
747 2618 830 2643 recta
843 2622 862 2642 a
878 2613 920 2647 D,
943 2611 1076 2651 produc-

240 2661 280 2690 ta,
296 2665 351 2694 per
365 2654 517 2695 angulum
533 2652 573 2690 A,
585 2653 704 2690 transit,
719 2660 825 2694 estque
842 2655 875 2685 D
893 2654 924 2685 A
941 2670 981 2682 =
998 2654 1031 2685 D
1045 2664 1073 2690 a,

240 2697 518 2738 parallelogrammi
524 2696 706 2737 diagonalis,
718 2702 749 2727 et
759 2696 838 2726 vires
851 2702 925 2727 sunt
935 2702 971 2728 ut
980 2696 1076 2727 latera

241 2738 388 2772 trianguli
412 2739 445 2769 D
462 2739 495 2770 A
511 2739 549 2776 C,
570 2737 682 2778 nempe
702 2744 739 2770 ut
762 2739 795 2769 D
810 2738 850 2774 A,
869 2739 901 2769 A
918 2739 956 2776 C,
972 2748 1028 2769 seu

245 2779 460 2816 Eune...
495 2783 599 2814 Dem.
614 2803 623 2812 .
637 2802 647 2812 .
661 2803 671 2812 .
688 2780 793 2812 Ducta
805 2780 963 2822 diagonali
979 2781 1013 2812 D
1030 2779 1072 2817 A,

241 2822 519 2863 parallelogrammi
541 2824 572 2854 E
590 2824 626 2860 C,
642 2823 688 2855 v'is
700 2822 804 2854 media
817 2828 854 2854 ut
870 2823 904 2854 D
922 2823 963 2859 A,
979 2822 1074 2864 aequi·

241 2863 337 2903 pollet
359 2865 474 2895 viribus
498 2876 553 2904 per
576 2865 672 2898 latera
698 2866 732 2897 D
751 2865 791 2902 Ε,
815 2865 849 2896 D
873 2865 910 2902 C,
935 2866 1025 2907 (41);
1047 2864 1075 2896 si

241 2905 353 2935 virium
374 2906 554 2938 directiones
571 2909 603 2939 D
622 2908 660 2943 A.
686 2908 719 2939 D
734 2918 762 2944 a,
785 2917 850 2938 non
863 2907 995 2939 eandem
1008 2906 1074 2938 effi-

241 2947 324 2978 ciant
347 2948 462 2978 lineam
486 2955 609 2986 rectam,
632 2950 768 2991 aliquem
791 2949 944 2991 angulum
968 2949 1003 2980 in
1026 2950 1070 2986 D,

241 2989 407 3025 continent,
430 3000 467 3020 ac
480 2991 609 3029 proinde
622 2999 775 3032 punctum
791 2992 834 3028 D,
852 3002 871 3023 a
883 2992 1000 3023 viribus
1013 2991 1071 3022 sibi

241 3031 372 3062 invicem
397 3031 511 3063 directe
531 3043 596 3063 non
609 3034 756 3073 oppositis
770 3033 940 3074 impulsum
954 3033 1071 3065 moveri

242 3073 331 3104 debet
353 3072 474 3116 (eontra
488 3075 595 3114 hyp.);
618 3076 643 3106 si
656 3075 730 3108 vero
743 3077 889 3116 potentiae
902 3076 965 3107 illae
978 3077 1011 3107 D
1029 3076 1070 3112 A,

243 3114 273 3145 D
288 3126 316 3152 a,
340 3125 404 3146 non
418 3115 480 3146 sint
494 3117 635 3157 aequales,
658 3119 758 3159 major
771 3119 923 3150 minorem
937 3124 1071 3158 superat,

216 3198 220 3207 ν
242 3163 403 3198 motusque
413 3157 510 3190 oritur
525 3158 633 3200 (etiam
647 3159 753 3192 contra
763 3160 861 3202 hyp.)-
907 3159 994 3202 Ειςό
1008 3170 1073 3192 rec-

1112 1817 1146 1842 ta
1171 1810 1204 1842 A
1235 1811 1278 1848 D,
1308 1810 1465 1851 producta,
1497 1820 1552 1850 per
1575 1809 1729 1851 angulum
1759 1810 1800 1846 A,
1830 1809 1947 1848 nausit,

1114 1859 1220 1893 estque
1236 1854 1270 1885 D
1289 1854 1316 1884 A
1336 1868 1376 1880 =
1387 1854 1420 1884 D
1437 1864 1464 1888 a,
1481 1851 1758 1894 parallelogrammi
1767 1851 1947 1894 diagonalis,

1115 1901 1147 1926 et
1160 1896 1234 1936 quia
1250 1896 1280 1926 A
1299 1896 1326 1927 C
1343 1910 1382 1922 =
1399 1896 1433 1927 D
1451 1896 1491 1931 E,
1515 1895 1594 1925 vires
1607 1901 1681 1926 sunt
1694 1901 1731 1926 ut
1744 1894 1840 1926 latera
1853 1893 1949 1926 trian-

1115 1937 1185 1979 guli
1201 1938 1234 1969 D
1251 1938 1283 1969 A
1301 1938 1337 1969 C.
1366 1938 1408 1974 Q.
1423 1948 1449 1969 e.
1463 1937 1493 1968 d.

1153 1984 1206 2011 44.
1233 1979 1317 2011 cum
1337 1979 1434 2011 latera
1453 1978 1602 2021 trianguli
1622 1979 1684 2010 sint
1697 1985 1734 2010 ut
1748 1979 1835 2010 sinus

1111 2022 1214 2053 lorum
1228 2022 1448 2062 oppositorum,
1472 2022 1530 2053 erit
1550 2021 1596 2052 vis
1612 2022 1645 2052 D
1660 2032 1688 2058 a,
1711 2032 1768 2052 seu
1790 2022 1824 2053 D
1841 2022 1884 2058 A,
1905 2017 1948 2054 ad

1111 2065 1178 2107 *vim
1189 2061 1267 2101 DC,
1276 2071 1313 2095 ut
1323 2065 1409 2096 sinus
1416 2064 1523 2106 anguli
1538 2064 1566 2095 A
1579 2064 1606 2095 C
1614 2064 1659 2101 D,
1671 2074 1726 2094 seu
1732 2063 1951 2104 complanent

1113 2107 1196 2138 illius
1207 2106 1284 2149 ΕΙ)
1298 2108 1335 2142 C,
1347 2107 1388 2139 ad
1396 2107 1500 2138 sinum
1508 2106 1616 2148 anguli
1626 2106 1660 2137 D
1674 2107 1706 2137 A
1718 2106 1856 2142 QseuA
1864 2107 1898 2138 D
1907 2105 1948 2144 E,

1113 2160 1168 2180 seu
1191 2149 1409 2189 complementi
1436 2149 1523 2179 illius
1555 2149 1583 2179 E
1612 2148 1646 2180 D
1671 2159 1705 2186 a;
1727 2147 1868 2180 similiter
1895 2147 1951 2180 de-

1112 2198 1301 2222 monstratur
1325 2202 1391 2223 esse
1405 2202 1425 2222 a
1440 2191 1482 2228 D,
1505 2191 1546 2221 ad
1561 2191 1591 2222 E
1609 2191 1652 2227 D,
1675 2196 1712 2221 ut
1732 2190 1819 2221 sinus
1840 2190 1949 2240 anguli

1115 2235 1145 2266 E
1170 2235 1203 2265 D
1228 2234 1264 2270 C,
1288 2234 1328 2264 ad
1353 2234 1457 2265 sinum
1480 2232 1588 2274 anguli
1610 2243 1630 2264 a
1654 2233 1687 2264 D
1713 2233 1751 2265 C.
1797 2232 1831 2263 Si
1853 2233 1951 2273 igitur

1113 2283 1176 2308 tres
1188 2276 1334 2315 potentiae
1354 2277 1388 2307 in
1403 2275 1572 2317 aequilibrio
1592 2273 1672 2306 circa
1685 2279 1837 2314 punctum
1850 2274 1950 2315 quod.-

1114 2319 1160 2349 vis
1176 2319 1218 2353 D,
1241 2318 1450 2355 consistentes,
1471 2318 1612 2348 dicantur
1625 2322 1663 2348 ut
1675 2316 1750 2348 libet
1765 2319 1808 2354 1⁸,
1831 2320 1879 2353 2²,
1899 2320 1947 2354 3⁸,

1115 2361 1173 2391 erit
1190 2364 1233 2397 1³,
1255 2360 1296 2391 ad
1317 2365 1390 2396 22⁸¹,
1411 2366 1448 2390 ιιι
1469 2359 1555 2390 sinus
1576 2358 1684 2400 anguli
1697 2368 1793 2399 quem
1807 2362 1850 2389 2oe
1863 2363 1950 2390 et3⁸

1115 2403 1323 2443 potentiarum
1346 2401 1528 2432 directiones
1549 2400 1823 2439 comprehendunt,
1845 2400 1887 2431 ad
1908 2401 1950 2432 ai·

1117 2455 1196 2476 num
1280 2444 1325 2474 uli
1338 2454 1432 2483 quem
1450 2447 1489 2473 1ae
1502 2448 1534 2473 et
1547 2446 1591 2474 5ae
1605 2442 1787 2473 directiones
1799 2443 1945 2474 formant.

1122 2488 1240 2518 Omnes
1256 2487 1263 2493 '
1279 2486 1322 2516 las
1340 2485 1380 2516 de
1400 2485 1511 2515 virium
1525 2490 1557 2515 et
1570 2490 1716 2515 motuum
1730 2485 1950 2524 compositione

1117 2534 1149 2559 et
1156 2527 1341 2559 resolutione
1352 2526 1625 2558 demonstrationes
1632 2527 1866 2558 accuratissimis
1874 2537 1950 2558 con-

1117 2569 1250 2601 firmavit
1272 2569 1489 2608 experimentis
1517 2568 1639 2600 Clariss.
1673 2570 1893 2602 Gravesandim
1914 2569 1948 2599 in

1118 2611 1292 2644 Elementis
1308 2610 1463 2651 physices.

1117 2687 1120 2690 Δ
1161 2653 1205 2695 (e)
1221 2656 1272 2685 45.
1293 2652 1429 2684 Planum
1443 2658 1519 2684 rotae
1531 2652 1689 2694 'gravitatis
1702 2662 1810 2693 expers
1823 2658 1856 2684 et
1868 2651 1950 2684 ciret

1117 2701 1259 2728 centrum
1271 2695 1372 2726 fixum
1393 2695 1434 2732 Ο,
1459 2695 1531 2737 (fig,
1553 2695 1683 2735 Neam),
1705 2695 1821 2726 mobile
1834 2695 1950 2735 suppo·-

1117 2737 1209 2774 nitur,
1231 2736 1285 2768 fila
1300 2746 1424 2778 quoquo
1443 2737 1592 2779 gravitate
1612 2737 1758 2768 destituta
1770 2737 1948 2778 unguntum

1115 2785 1250 2821 cumque
1264 2779 1373 2812 eadem
1387 2780 1429 2811 sit
1442 2779 1476 2810 in
1489 2779 1579 2812 variis
1592 2790 1612 2810 a
1623 2778 1705 2810 terra
1717 2778 1869 2810 distantiis
1882 2780 1950 2810 eor-

1116 2822 1198 2862 poris
1220 2822 1352 2863 gravitas
1368 2821 1439 2863 (26)
1455 2821 1624 2862 eademque
1643 2820 1772 2862 proinde
1786 2821 1833 2852 fili
1846 2820 1950 2863 longi-

1116 2865 1177 2896 oris
1198 2864 1249 2895 vel
1269 2863 1415 2895 brevioris
1436 2873 1499 2904 quo
1519 2863 1642 2903 pondus
1654 2863 1738 2894 idem
1752 2863 1951 2903 suspendatur
2017 2898 2020 2902 ,

1116 2906 1225 2942 tensio,
1247 2906 1373 2937 evidens
1395 2912 1440 2937 est
1453 2905 1584 2945 planum
1603 2910 1680 2936 rotae
1699 2905 1808 2936 iisdem
1830 2904 1951 2946 semper

1113 2949 1229 2980 viribus
1241 2949 1331 2986 trahi,
1354 2949 1417 2979 sive
1430 2947 1484 2978 fila
1494 2948 1622 2987 punctis
1637 2947 1685 2985 M,
1701 2954 1733 2979 et
1749 2948 1791 2984 N,
1807 2947 1870 2979 sive
1880 2945 1951 2980 aliis

1113 2992 1271 3032 quibam
1300 2991 1344 3028 K,
1371 2991 1414 3027 D,
1437 2995 1492 3020 aut
1514 2990 1551 3024 L.
1574 2990 1608 3020 in
1635 2989 1695 3020 filis
1719 2990 1758 3021 M
1784 2990 1825 3026 A,
1850 2989 1885 3021 N
1908 2988 1947 3027 P,

1113 3033 1245 3073 sumptis
1266 3032 1358 3064 affixa
1382 3033 1452 3063 siut.
1504 3032 1647 3063 Pondera
1671 3031 1767 3073 igitur
1784 3042 1808 3063 a
1827 3028 1951 3072 punctis
2015 3052 2017 3056 ι

1116 3075 1164 3114 Μ,
1188 3081 1220 3106 et
1242 3075 1282 3110 N,
1307 3084 1453 3114 suspensa
1466 3073 1549 3104 idem
1568 3074 1716 3105 valebunt
1735 3084 1772 3105 ac
1785 3074 1950 3114 :insepeli-

1116 3119 1262 3149 derentur
1275 3127 1295 3148 a
1308 3117 1432 3157 punctis
1448 3116 1482 3147 K
1496 3122 1528 3147 et
1543 3116 1581 3152 L,
1598 3116 1697 3147 vel-D
1713 3123 1744 3147 et
1758 3116 1801 3147 1...

1158 3159 1198 3202 (f
1207 3159 1220 3201 )
1243 3163 1294 3192 46.
1323 3158 1473 3191 Ponderis
1495 3159 1536 3195 A,
1559 3168 1623 3200 quo
1644 3160 1796 3199 punctum
1818 3157 1865 3196 Ἰ),
1884 3158 1952 3189 ἰη-
