2086 3542
224 243 304 280 828
634 231 1084 277 PHILOSOPHIAE
1113 228 1475 273 NATURALIS
1562 225 1704 278 [Mo'r.
1728 224 1924 268 conmn.

283 352 412 394 Corol.
447 355 485 392 1.
515 349 568 406 (¹²)
599 348 669 391 Ex
686 347 752 391 his
770 346 889 390 facile
909 346 1128 403 colligitur,
1150 343 1275 401 quod,
1297 343 1332 385 si
1360 356 1538 398 corpora
1554 341 1675 397 plura
1693 339 1854 380 minora
1874 337 1926 388 P,

227 423 271 473 S,
295 422 349 472 R,
371 422 446 464 διο.
466 420 729 481 revolvantur
746 419 858 463 circa
874 418 1103 459 maximum
1122 416 1177 467 T,
1198 423 1334 457 motus
1354 414 1540 470 corporis
1557 411 1692 454 intimi
1710 410 1746 452 P
1759 408 1929 452 minime

223 491 532 548 perturbabitur
551 490 861 533 attractionibus
881 488 1145 538 exteriorum,
1165 487 1238 528 ubi
1258 500 1406 541 corpus
1424 484 1654 527 maximum
1673 482 1715 524 T
1734 481 1890 536 pariter
1903 495 1930 522 a

225 563 397 614 caeteris,
417 577 496 618 pro
515 563 674 605 ratione
691 561 842 604 virium
859 558 1203 609 acceleratrieum,
1234 556 1451 600 attrahitur
1469 563 1512 598 et
1531 555 1722 612 agitatur,
1754 559 1877 609 atque
1905 566 1932 593 a

227 643 375 678 caetera
394 650 438 677 se
457 642 615 678 mutuo.

232 1243 239 1247 '
291 1242 420 1284 Corol.
452 1245 492 1281 2.
525 1239 576 1281 In
607 1245 826 1295 systemate
855 1254 954 1282 vero
979 1239 1106 1282 trium
1136 1253 1359 1295 corporum
1379 1239 1434 1291 T,
1458 1238 1507 1290 P,
1531 1239 1575 1290 S,
1609 1240 1644 1281 si
1675 1238 1940 1282 attractiones

232 1312 536 1355 acceleratrices
556 1311 750 1352 binorum
769 1325 1108 1367 quorumcunque
1127 1311 1172 1352 in
1190 1311 1357 1352 tertium
1371 1310 1455 1352 sint
1468 1310 1522 1352 ad
1540 1310 1716 1352 invicem
1729 1309 1941 1365 reciproce

231 1393 279 1426 ut
298 1383 498 1440 quadrata
525 1381 837 1431 distantiarum3
868 1396 1016 1436 corpus
1038 1382 1088 1432 P,
1121 1381 1237 1423 radio
1268 1381 1304 1424 P
1325 1381 1380 1432 T,
1412 1396 1549 1423 aream
1581 1381 1689 1423 circa
1719 1395 1868 1437 corpus
1899 1379 1942 1425 T

232 1456 412 1498 velocius
433 1454 638 1496 describet
657 1468 790 1509 prope
809 1454 1141 1510 conjunctionem
1155 1455 1192 1496 A
1210 1461 1252 1495 et
1271 1455 1573 1510 oppositionem
1594 1455 1645 1505 B,
1667 1468 1791 1510 quam
1809 1467 1943 1511 prope

235 1527 507 1583 quadraturas
531 1526 581 1575 C,
604 1525 662 1567 D.
722 1525 915 1581 Namque
933 1525 994 1567 vis
1016 1525 1148 1566 omnis
1179 1540 1261 1581 qua
1291 1539 1441 1581 corpus
1464 1526 1500 1568 P
1519 1533 1691 1582 urgetur
1721 1533 1763 1567 et
1793 1538 1944 1580 corpus

236 1599 279 1640 T
297 1612 383 1638 non
418 1605 603 1653 urgetur,
634 1602 808 1652 quaeque
839 1611 925 1638 non
956 1597 1042 1653 agit
1073 1596 1300 1639 secundum
1330 1597 1482 1639 lineam
1515 1596 1552 1639 P
1573 1596 1615 1638 T
1647 1596 1848 1638 accelerat
1879 1595 1946 1638 vel

234 1670 418 1712 retardat
437 1668 755 1723 descriptionem
777 1683 899 1719 areae,
921 1669 1094 1724 perinde
1112 1677 1160 1710 ut
1188 1669 1279 1724 ipsa
1306 1670 1351 1711 in
1380 1670 1674 1726 consequentia
1703 1669 1768 1711 vel
1800 1669 1844 1710 in
1871 1682 1946 1710 an-

236 1740 466 1786 tecedentia
501 1736 706 1796 dirigitur.
754 1740 804 1794 (⁰)
837 1740 952 1781 Talis
982 1748 1044 1782 est
1063 1740 1124 1781 vis
1146 1740 1190 1782 N
1210 1740 1275 1782 M.
1335 1741 1446 1783 Haec
1475 1741 1520 1782 in
1552 1741 1728 1782 transitu
1758 1741 1947 1797 corporis

239 1888 268 1919 P
285 1887 316 1918 A
334 1887 362 1917 B
387 1884 462 1926 (vid.
489 1884 543 1924 fig.
573 1883 694 1923 Newt.)
717 1893 787 1922 pars
812 1884 843 1914 A
870 1884 898 1915 C
924 1885 952 1915 B
980 1883 1073 1923 supra
1114 1889 1145 1914 et
1158 1884 1305 1924 parallela
1319 1884 1353 1915 N
1368 1884 1419 1923 M,
1434 1895 1455 1924 p
1469 1885 1556 1916 locus
1570 1885 1610 1916 ad
1623 1894 1718 1926 quem
1731 1894 1843 1925 corpus
1854 1885 1948 1918 Pet-
1984 1920 1987 1924 ,

236 1930 367 1970 planum
378 1928 407 1958 T
420 1927 450 1957 E
463 1927 484 1957 S
495 1927 525 1956 E
538 1925 664 1962 elevata,
679 1936 749 1964 pars
763 1924 835 1956 vero
845 1926 941 1956 altera
955 1928 984 1956 A
997 1927 1030 1957 D
1043 1927 1071 1956 B
1114 1926 1199 1956 clusa
1214 1927 1244 1956 vi
1260 1927 1293 1957 N
1309 1927 1349 1958 M
1363 1928 1559 1967 tempusculo
1573 1927 1704 1958 minimo
1724 1927 1904 1967 perveniret,
1926 1930 1949 1961 b

236 1970 319 2002 infra
333 1971 435 2009 ipsum
450 1968 592 2007 depressa
606 1967 806 2008 intelligatur,
823 1968 867 1999 ita
877 1974 913 1998 ut
923 1969 1006 1999 linea
1016 1978 1073 1998 no-
1114 1968 1202 1998 locus
1214 1968 1249 1998 in
1262 1968 1345 1999 linea
1360 1969 1388 2000 P
1403 1979 1436 1999 m
1451 1969 1492 2000 ad
1505 1979 1598 2010 quem
1613 1979 1724 2008 corpus
1736 1969 1821 2000 idem
1837 1970 1873 2007 Ρ,
1884 1969 1950 2003 soli

186 2028 188 2030 v
238 2014 351 2044 dorum
379 2012 411 2042 A
439 2012 468 2042 B
491 2010 644 2041 coincidat
668 2020 741 2040 cum
764 2010 847 2041 linea
874 2011 902 2040 T
930 2011 952 2041 S
974 2011 1074 2051 sitque
1115 2010 1147 2040 vi
1162 2011 1195 2040 N
1212 2011 1260 2047 M,
1277 2011 1387 2041 eodem
1407 2011 1602 2051 tempusculo
1623 2013 1815 2050 traheretu13
1837 2022 1973 2053 corpus>

237 2055 367 2096 proinde
381 2063 493 2092 corpus
510 2053 531 2082 S
544 2052 577 2081 in
591 2051 675 2082 linea
688 2051 843 2082 nodorum
856 2052 1015 2092 producta,
1029 2052 1075 2082 vis
1115 2052 1195 2082 illud
1213 2052 1239 2082 P
1255 2052 1375 2084 duabus
1388 2054 1504 2084 viribus
1518 2054 1697 2094 impulsum,
1713 2064 1844 2094 quarum
1854 2055 1951 2086 altem

241 2099 275 2129 N
291 2098 330 2128 M
345 2102 381 2127 ut
394 2095 465 2135 pote
481 2105 552 2135 quae
567 2094 600 2123 in
615 2103 726 2132 corpus
739 2095 765 2124 P
777 2094 841 2135 agit
852 2095 1023 2125 secundum
1037 2094 1076 2124 li-
1117 2094 1183 2135 agit
1197 2095 1369 2125 secundum
1383 2096 1581 2126 directionem
1599 2096 1628 2127 P
1642 2106 1664 2135 p
1677 2096 1709 2126 in
1723 2096 1817 2135 plano
1829 2097 1856 2128 C
1870 2098 1901 2128 A
1915 2097 1950 2128 D

239 2150 331 2171 neam
345 2139 403 2178 ipsi
420 2138 448 2168 T
467 2138 488 2168 S
502 2135 691 2175 parallelam,
710 2136 825 2176 jacebit
838 2138 872 2167 in
886 2136 979 2176 plano
993 2137 1074 2167 orbi-
1116 2136 1212 2167 altera
1236 2138 1408 2168 secundum
1433 2138 1632 2168 directionem
1658 2138 1687 2169 P
1700 2149 1732 2168 m
1757 2138 1797 2169 ad
1820 2138 1951 2178 planum

239 2188 281 2213 tae
299 2182 326 2212 P
343 2183 374 2212 A
392 2181 432 2218 B,
449 2185 480 2210 et
493 2185 617 2208 motum
632 2179 767 2217 corporis
784 2179 812 2209 P
825 2179 860 2209 in
879 2179 1076 2211 latitudinem
1121 2179 1147 2210 C
1166 2179 1197 2209 A
1216 2179 1249 2209 D
1271 2179 1460 2215 inclinatam.
1489 2186 1578 2211 motu
1603 2180 1773 2220 composito
1796 2180 1949 2213 ‹lesu-ibet

240 2234 305 2255 non
318 2221 518 2264 perturbabit,
533 2222 593 2251 hoc
607 2226 662 2259 est,
685 2231 750 2251 non
774 2221 886 2253 efficiet
907 2228 944 2253 ut
965 2231 1077 2261 corpus
1117 2221 1233 2252 lineam
1249 2222 1278 2254 P
1289 2234 1314 2253 a·
1326 2233 1397 2262 quae
1411 2232 1475 2253 non
1489 2228 1535 2253 est
1548 2222 1582 2252 in
1595 2222 1689 2262 plano
1705 2223 1731 2254 C
1749 2223 1780 2253 A
1797 2223 1841 2254 D.

410 2269 412 2274 “
1277 2267 1279 2269 ’
1322 2265 1369 2307 (¹²)
1394 2268 1411 2286 0
1437 2266 1632 2296 Corollarium
1647 2266 1787 2305 primum
1806 2270 1892 2304 patet
1910 2274 1950 2297 ex

1279 2307 1492 2338 demonstratis
1506 2317 1579 2337 cum
1593 2307 1657 2338 duo
1667 2313 1789 2337 tantum
1800 2313 1873 2338 sunt
1882 2317 1950 2339 cor·

1278 2359 1354 2389 pora
1367 2350 1488 2380 minora
1504 2349 1541 2387 P,
1551 2347 1593 2388 ὃς
1609 2348 1738 2380 addatur
1758 2349 1840 2379 enim
1863 2344 1950 2381 terti-

1280 2402 1336 2422 um
1351 2401 1460 2430 corpus
1474 2392 1516 2428 R,
1531 2396 1639 2422 eodem
1653 2390 1747 2422 modo
1760 2390 1950 2423 demonstra-

1280 2434 1366 2465 bitur
1378 2439 1500 2464 motum
1514 2433 1649 2473 corporis
1662 2433 1763 2465 intimi
1779 2433 1808 2464 P
1821 2432 1950 2465 minime

1281 2477 1451 2516 perturbari
1465 2475 1642 2507 attractione
1655 2474 1751 2515 ipsius
1765 2475 1806 2513 R,
1819 2475 1873 2507 ubi
1880 2485 1956 2512 cur-V

1281 2529 1341 2558 pus
1366 2518 1538 2549 maximum
1561 2518 1591 2549 T
1605 2518 1727 2557 *pariter
1749 2517 1910 2549 attrahitur
1929 2529 1949 2550 a

1282 2571 1407 2600 corpore
1421 2561 1476 2591 illo
1493 2561 1534 2598 R,
1550 2570 1586 2591 ac
1600 2569 1710 2600 cca-pus
1725 2559 1762 2597 P,
1788 2565 1820 2590 et
1842 2558 1886 2590 ἰιὲ
1908 2559 1949 2592 de

1282 2603 1424 2642 pluribus
1451 2602 1627 2642 corporibus
1659 2601 1833 2632 ratiocinan·
1865 2601 1947 2635 licet.

1286 2644 1391 2680 Quare
1405 2655 1444 2675 ex
1461 2644 1674 2676 demonstratis
1682 2643 1780 2686 facil&
1801 2645 1948 2685 colligitur

1301 2690 1361 2718 uod
1374 2689 1407 2723 si.
1423 2688 1479 2718 &c-

1281 2700 1300 2728 q
1325 2730 1368 2771 (⁰)
1391 2733 1463 2761 498.
1488 2730 1568 2760 Talis
1581 2734 1624 2760 est
1637 2729 1679 2760 m's
1693 2729 1736 2759 N
1742 2729 1788 2759 M.
1831 2728 1864 2760 si
1874 2738 1948 2770 sup-

253 2780 281 2811 P
296 2780 335 2811 ad
349 2779 479 2820 planum
495 2779 525 2809 T
542 2779 571 2810 E
590 2779 612 2809 S
629 2778 658 2808 E
673 2776 773 2818 magis
787 2774 910 2806 accedat
924 2779 978 2805 aut
993 2773 1031 2804 ab
1042 2782 1078 2802 eo
1120 2781 1272 2810 ponamus
1286 2773 1391 2802 orbem
1409 2772 1435 2802 C
1453 2771 1484 2801 A
1501 2771 1534 2801 D
1551 2770 1580 2801 B
1597 2770 1671 2812 (vid.
1687 2769 1739 2810 fig.
1752 2768 1867 2810 Newt.)
1883 2771 1949 2804 eme

250 2822 381 2853 recedat.
429 2821 549 2852 Verum
570 2821 595 2851 si
620 2829 731 2859 corpus
748 2819 769 2849 S
783 2824 919 2848 versatur
941 2815 1024 2846 extra
1041 2814 1079 2844 li-
1121 2814 1237 2844 circulo
1251 2814 1429 2849 finitimum,
1453 2819 1485 2843 et
1497 2811 1671 2842 distantiam
1689 2812 1710 2843 S
1727 2812 1760 2842 D
1780 2813 1948 2844 maximam

251 2874 341 2894 neam
356 2864 518 2900 nodorum,
534 2863 579 2893 vis
592 2863 623 2893 N
638 2863 675 2892 M
688 2861 813 2891 inducet
823 2857 1080 2899 perturbationem
1121 2863 1258 2894 respectu
1273 2855 1350 2886 radii
1367 2856 1395 2886 P
1411 2855 1450 2891 T,
1466 2853 1523 2884 erit
1535 2853 1600 2884 fere
1617 2854 1638 2884 S
1652 2855 1678 2885 C
1689 2867 1734 2884 =
1749 2855 1770 2885 S
1784 2854 1817 2885 K
1827 2867 1875 2887 ==
1886 2855 1908 2886 S
1917 2855 1949 2886 Τ

252 2906 355 2935 motus
368 2906 401 2935 in
415 2905 618 2936 latitudinem.
669 2904 714 2934 Sit
728 2903 812 2933 enim
829 2902 855 2932 C
874 2901 904 2931 A
921 2901 954 2931 D
972 2900 1000 2930 T
1011 2909 1080 2938 pars
1121 2910 1166 2927 =
1185 2898 1206 2927 S
1223 2899 1262 2931 N,
1280 2904 1310 2927 et
1324 2896 1451 2936 proind&
1466 2897 1498 2927 N
1515 2897 1554 2926 M
1568 2909 1614 2925 =
1630 2896 1658 2926 T
1675 2897 1723 2927 M·
1773 2896 1870 2927 Ρσπό
1880 2906 1948 2928 cor-

253 2947 360 2978 orbitae
385 2958 478 2987 quum
503 2957 612 2987 corpus
630 2947 657 2977 P
671 2945 795 2975 exclusa
819 2943 849 2974 vi
866 2943 898 2974 N
915 2942 953 2974 M
968 2941 1079 2972 descri—
1121 2949 1195 2979 pore
1212 2939 1240 2970 P
1254 2941 1286 2969 in
1304 2938 1499 2980 quadraturis
1525 2939 1562 2974 c,
1591 2939 1624 2969 D
1649 2944 1794 2972 versante.
1820 2945 1865 2970 est
1881 2939 1904 2970 S
1921 2939 1948 2970 C

254 2991 339 3020 beret
362 2988 453 3027 supra
473 2989 600 3027 planum
617 2989 646 3019 T
664 2988 694 3018 E
713 2988 734 3018 S
748 2987 776 3017 E
792 2997 846 3017 seu
865 2986 890 3016 C
909 2984 935 3014 F
951 2982 985 3015 D
1006 2983 1082 3013 etni-
1124 2994 1169 3011 =
1188 2983 1208 3012 S
1225 2982 1253 3012 P
1266 2994 1312 3010 =
1330 2982 1352 3011 S
1369 2981 1423 3019 K;
1456 2979 1550 3020 quare
1574 2990 1645 3010 cum
1669 2980 1715 3016 sit,
1740 2982 1809 3022 (per
1832 2987 1944 3011 constr.

254 3030 397 3068 nens,.sit
414 3031 439 3060 C
458 3026 489 3061 D
506 3031 586 3061 linea
600 3030 762 3065 nodorum,
781 3030 848 3059 l‘m
863 3033 944 3058 recta
959 3025 1083 3067 {equalis
1128 3024 1219 3064 Prop.
1233 3023 1298 3063 66.)
1318 3023 1339 3054 S
1356 3023 1384 3053 L
1400 3034 1408 3054 τ
1430 3023 1451 3052 S
1469 3023 1501 3053 K
1517 3035 1561 3051 =
1579 3023 1600 3053 S
1618 3023 1650 3053 K
1665 3025 1681 3042 ²
1697 3035 1705 3053 ι
1726 3023 1749 3053 S
1766 3023 1790 3053 Ρ
1806 3024 1831 3060 2,
1848 3022 1948 3054 critin
