2158 3562
948 550 1003 581 IN

678 687 795 726 VIRI
823 686 1289 730 PRAESTANTISSIMI

496 826 867 888 ISAACI
929 826 1476 885 NEWTONI

286 1001 458 1050 OPUS
494 999 729 1049 HOCCE
763 995 1700 1056 MATHEMATICO-PHYSICUM,

692 1150 832 1177 sncum
852 1149 1081 1181 GRNTISQUE
1101 1148 1271 1175 NOSTRAE

591 1281 861 1326 DECUS
910 1279 1375 1325 EGREGIUM.

880 1461 953 1473 Μ
954 1461 1099 1473 ἊἊἊἊἊ

307 1583 404 1643 ΕΝ
424 1600 499 1642 tibi
518 1614 665 1641 norma
682 1599 783 1654 poli,
807 1606 848 1639 et
867 1597 974 1638 divae
994 1595 1215 1636 libramina
1235 1594 1368 1644 molis,

310 1673 541 1727 computus
562 1686 612 1713 en
634 1670 749 1713 Jovis
760 1686 772 1720 ;
793 1678 835 1712 et
855 1685 970 1726 quas,
993 1668 1094 1710 dum
1113 1667 1343 1723 primordia
1362 1681 1502 1710 rerum

309 1743 528 1801 Pangeret,
550 1742 814 1797 omniparens
833 1741 946 1798 leges
966 1740 1121 1781 violare
1144 1739 1322 1780 Creator

309 1815 468 1875 Noluit,
494 1822 616 1870 atque
638 1827 810 1868 operum
831 1827 925 1868 quae
943 1810 1212 1852 fundamenta
1230 1809 1389 1851 locfirit.

234 1883 243 1886 ’
310 1887 464 1930 Intima
482 1886 722 1942 panduntur
741 1885 837 1927 victi
856 1884 1084 1941 penetralia
1112 1882 1219 1934 coeli,

310 1961 404 2004 Nec
422 1961 523 2002 latet
543 1967 750 2002 extremos
771 1972 864 2014 quae
884 1958 945 1999 vis
967 1957 1234 1999 circumrorat
1253 1955 1388 1997 orbes.

312 2033 386 2076 Sol
406 2032 509 2074 solio
528 2032 714 2074 residens
734 2031 788 2074 ad
809 2046 852 2072 se
866 2031 986 2086 jubet
1005 2030 1145 2071 omnia
1162 2044 1299 2085 prono

310 2103 506 2146 Tendere
525 2104 739 2153 descensu,
761 2117 839 2144 nec
858 2109 973 2143 recto
991 2100 1155 2142 tramite
1176 2114 1322 2141 currus

314 2174 506 2218 sidereos
524 2175 679 2229 patitur
698 2182 858 2216 vastum
878 2188 955 2229 per
973 2173 1099 2214 inane
1118 2171 1276 2213 moveri
1286 2187 1299 2221 ;

313 2245 397 2288 Sed
417 2245 526 2299 rapit
545 2244 737 2294 immotis,
761 2259 804 2286 se
824 2252 980 2294 centro,
1003 2242 1165 2300 singula
1184 2242 1311 2299 gyris.

310 2316 405 2358 Jam
424 2322 538 2371 patet
552 2314 757 2356 horrificis
778 2330 871 2370 quae
891 2315 943 2356 sit
960 2316 1028 2355 via
1045 2315 1156 2356 flexa
1175 2314 1371 2362 cometis3

307 2390 406 2432 Jam
425 2404 510 2430 non
530 2389 730 2430 miramur
746 2387 909 2429 barbati
928 2386 1203 2442 phaenomena
1222 2386 1332 2427 astri.

312 2462 523 2504 Discimus
542 2461 641 2502 hinc
661 2460 830 2502 tandem
850 2458 930 2514 qu&
952 2457 1074 2499 causfi
1096 2465 1290 2514 argentea
1314 2455 1471 2496 Phoebe

315 2534 510 2576 Passibus
530 2533 644 2575 haud
663 2533 793 2588 aequis
813 2531 1026 2588 graditur3
1049 2544 1123 2571 cur
1144 2528 1308 2570 subdita
1327 2527 1431 2567 nulli

313 2608 533 2650 Hactenus
555 2615 792 2648 astronomo
811 2618 1083 2645 numerorum
1103 2601 1235 2642 fraena
1262 2607 1447 2641 recuset:

314 2678 402 2720 Cur
421 2686 606 2719 remeant
625 2677 738 2725 nodi,
761 2691 916 2732 curque
937 2690 1063 2732 auges
1083 2672 1420 2730 progrediuntur.

314 2750 526 2792 Discimus
546 2757 587 2790 et
607 2748 770 2804 quantis
791 2747 966 2788 refluum
987 2760 1093 2802 vaga
1115 2743 1295 2799 Cynthia
1315 2748 1488 2797 pontum

315 2822 485 2863 Viribus
505 2821 692 2875 impellit,
714 2819 832 2861 fessis
852 2820 952 2861 dum
971 2818 1165 2859 fluctibus
1187 2816 1325 2857 ulvam

315 2891 500 2942 Deserit,
523 2891 726 2934 ac-nautis
747 2898 956 2945 suspectas
977 2888 1109 2930 nudat
1128 2902 1272 2928 arenas
1288 2901 1300 2935 3

320 2963 503 3006 Alternis
523 2964 679 3005 vicibus
700 2977 891 3018 suprema
910 2962 964 3003 ad
984 2962 1124 3002 littora
1142 2959 1323 3014 pulsans·
