2086 3542
166 241 318 285 Lmnn
339 242 555 293 anus.]
616 240 938 284 PRINCIPIA
969 206 1462 287 MATHEMATICA.
1786 245 1868 282 241

804 483 1053 533 SECTIO
1084 483 1234 532 VIII.

162 607 244 654 De
263 606 522 654 inventione
544 606 719 654 orbium
740 606 789 653 in
813 607 974 669 quibus
994 622 1194 672 corpora
1216 607 1390 656 viribus
1413 608 1749 673 quibuscunque
1769 627 1869 658 cen-

662 685 842 746 tripetis
863 685 1042 747 agitata
1063 686 1381 734 revolvuntur.

465 833 845 878 PROPOSITIO
875 832 975 876 XL.
1037 834 1400 878 THEOREMA
1431 836 1564 879 XIII.

159 949 207 992 Si
238 964 387 1004 corpus,
417 955 575 1004 cogente
604 950 645 991 vi
675 947 900 1003 qudo-unque
931 948 1162 1002 centripetd,
1205 957 1402 991 moveatur
1437 957 1637 1005 utcunque,
1672 958 1711 994 et
1735 967 1872 1007 corpus

214 1021 331 1062 aliud
361 1018 469 1061 rectd
494 1020 682 1061 ascendat
711 1020 773 1060 vel
804 1019 1022 1070 descendat,
1056 1020 1209 1073 sintque
1244 1034 1371 1061 eorum
1414 1022 1632 1062 velocitates
1665 1023 1709 1063 in
1739 1023 1872 1078 aliquo

212 1091 422 1145 aequalium
436 1090 688 1131 altitudinum
707 1103 800 1130 casu
817 1090 1000 1143 aequales,
1021 1090 1240 1131 velocitates
1257 1104 1388 1131 eorum
1407 1092 1450 1131 in
1469 1092 1642 1134 omnibus
1660 1094 1873 1147 aequalibm

213 1161 490 1203 altitudinibus
503 1165 616 1201 erunt
634 1160 814 1214 aequales.

214 1260 458 1304 Descendat
476 1274 630 1316 corpus
650 1260 820 1317 aliquod
838 1259 892 1302 ab
911 1261 954 1302 A
972 1275 1049 1316 per
1069 1262 1128 1313 D,
1152 1262 1204 1313 E,
1225 1262 1279 1304 ad
1298 1271 1486 1305 centrum
1508 1265 1558 1316 C,
1589 1273 1631 1307 et
1658 1273 1872 1308 moveatur

159 1347 311 1389 corpus
331 1333 445 1375 aliud
463 1348 489 1375 a
508 1332 548 1374 V
567 1335 612 1373 in
630 1331 739 1374 linea
760 1332 885 1374 curva
905 1333 947 1374 V
966 1334 989 1375 I
1012 1331 1055 1375 K
1073 1334 1116 1375 k.
1177 1334 1334 1376 Centro
1356 1334 1392 1376 C
1411 1335 1634 1377 intervallis
1661 1337 1870 1393 quibusvis

158 1404 445 1446 describantur
466 1404 611 1445 circuli
630 1403 881 1446 concentrici
900 1403 946 1446 D
968 1404 1005 1455 1,
1038 1403 1077 1446 E
1103 1404 1146 1446 K
1164 1411 1290 1446 rectae
1319 1406 1360 1447 A
1383 1406 1420 1447 C
1440 1406 1484 1446 in
1503 1405 1548 1447 D
1568 1414 1610 1448 et
1639 1406 1691 1458 E,
1711 1422 1870 1450 curvae-

158 1489 239 1531 que
260 1475 300 1516 V
322 1475 344 1516 Ι
367 1474 410 1516 K
430 1474 474 1515 in
496 1474 518 1516 Ι
548 1482 590 1516 et
621 1473 667 1516 K
696 1482 972 1519 occurrentes.
1030 1475 1240 1532 Jungatur
1272 1475 1294 1517 I
1316 1476 1354 1517 C
1388 1490 1459 1517 oc·
1747 1507 1750 1511 .
1826 1496 1868 1544 A

158 1559 329 1586 currens
350 1545 431 1600 ipsi
453 1544 496 1586 K
517 1544 555 1586 E
573 1545 620 1589 in
652 1545 722 1595 N;
752 1553 795 1587 et
825 1545 869 1587 in
890 1546 914 1588 Ι
936 1545 980 1588 K
1013 1545 1254 1588 demittatur
1282 1561 1461 1602 perpen-
1814 1498 1821 1628 Ι

161 1614 347 1657 diculum
368 1615 409 1656 N
432 1615 500 1664 T;
531 1615 665 1671 sitque
685 1615 1110 1659 circumferentiarum
1129 1616 1377 1659 circulorum
1396 1618 1460 1659 in-

156 1686 379 1728 tex-vallum
399 1686 448 1729 D,
476 1686 515 1728 E
549 1686 616 1728 vel
648 1686 671 1728 I
707 1686 752 1728 N
780 1702 906 1743 quam
940 1688 1172 1739 minimum,
1206 1695 1248 1729 et
1280 1687 1461 1730 habeant

161 1751 339 1812 corpora
358 1757 401 1798 in
417 1756 462 1798 D
475 1764 519 1798 et
539 1757 562 1799 I
575 1756 812 1800 velocitates
828 1758 1021 1814 aequales.
1080 1758 1292 1808 Quoniam
1302 1758 1459 1800 distan-

158 1829 229 1872 tiae
251 1828 288 1870 C
308 1828 367 1879 D,
392 1827 428 1870 C
451 1827 472 1869 I
493 1837 723 1884 aequantur,
739 1836 863 1870 erunt
881 1829 990 1870 vires
1004 1828 1244 1883 centripetae
1259 1829 1303 1869 in
1317 1829 1362 1871 D
1378 1838 1420 1870 et
1436 1828 1458 1870 Ι

161 1900 352 1957 aequaleS.
412 1900 691 1955 Exponantur
723 1899 792 1942 hae
825 1901 933 1942 vires
964 1914 1041 1955 per
1076 1899 1255 1956 aequales
1286 1900 1457 1942 lineolas

166 1970 212 2013 D
234 1970 286 2020 E,
308 1969 422 2019 1N;
452 1970 775 2013 etsivisunaI
797 1970 1113 2027 N(perlegum
1134 1970 1273 2012 Corol.
1305 1971 1363 2023 2.)
1392 1986 1457 2013 re-
1527 1972 1577 2020 T

164 2042 348 2084 solvatur
366 2042 411 2083 in
430 2041 534 2083 duas
556 2041 600 2083 N
620 2041 662 2083 T
682 2049 724 2083 et
744 2042 766 2083 Ι
788 2041 842 2092 Τ,
864 2041 925 2083 vis
959 2041 1003 2083 N
1031 2041 1084 2092 T,
1120 2041 1283 2098 agendo
1312 2056 1458 2083 secun-
1491 2034 1547 2081 K

162 2113 261 2162 dum
284 2114 436 2155 lineam
457 2113 502 2155 N
522 2113 563 2154 T
583 2113 767 2168 corporis
798 2112 937 2155 cursui
966 2112 989 2153 1
1010 2111 1052 2152 T
1073 2111 1116 2153 K
1143 2112 1458 2167 perpendicula-

163 2198 265 2234 rem,
287 2184 347 2225 nil
365 2183 541 2225 mutabit
560 2183 818 2224 velocitatem
838 2182 1023 2237 corporis
1042 2182 1087 2223 in
1114 2196 1239 2223 cursu
1266 2181 1352 2234 illo,
1384 2181 1458 2224 sed

162 2255 346 2298 retrahet
365 2255 627 2298 solummodo
647 2269 798 2310 corpus
818 2269 844 2296 a
863 2268 989 2295 cursu
1008 2252 1235 2304 rectilineo,
1255 2252 1456 2310 facietque
1525 2297 1530 2300 ,

162 2325 300 2380 ipsum
318 2325 372 2368 de
391 2326 503 2367 orbis
522 2333 719 2382 tangente
747 2319 951 2380 perpetuo
983 2323 1215 2375 deflectere,
1237 2324 1361 2380 inque
1390 2324 1455 2366 vifi
1518 2358 1536 2377 ς,

161 2397 388 2440 οιιΝἰῙίῃεέἰ
425 2398 448 2439 Ι
471 2397 512 2439 Τ
534 2397 577 2439 Κ
596 2397 624 2438 k
658 2396 868 2454 progredi.
928 2397 981 2439 In
1013 2396 1096 2438 hoc
1126 2395 1274 2438 effectu
1301 2396 1458 2451 produ-

159 2468 295 2510 cendo
313 2469 376 2510 vis
395 2469 467 2510 illa
496 2476 584 2517 tota
614 2476 907 2510 consumetur:
938 2468 999 2510 vis
1030 2476 1169 2510 autem
1197 2468 1325 2510 altera
1356 2468 1378 2510 I
1400 2468 1454 2518 T,

159 2540 387 2582 secundum
427 2542 612 2596 corporis
653 2555 820 2582 cursum
860 2540 1040 2597 agendo,
1085 2547 1174 2581 tota
1212 2539 1455 2581 accelerabit
1479 2558 1483 2562 ·

158 2609 274 2660 illud,
297 2625 346 2652 ac
364 2610 463 2652 dato
482 2618 668 2666 tempore
697 2626 822 2667 quam
854 2611 1027 2653 minimo
1059 2610 1396 2652 accelerationem
1428 2609 1642 2666 generabit
1675 2609 1752 2650 sibi
1784 2608 1865 2663 ipsi

157 2683 527 2736 proportionalem.
570 2682 621 2738 (¹¹)
645 2682 827 2724 Proinde
847 2698 1072 2739 corporum
1086 2684 1131 2724 in
1149 2682 1194 2725 D
1210 2691 1251 2724 et
1271 2683 1293 2724 I
1308 2682 1622 2724 accelerationes
1638 2680 1865 2738 aequalibus

203 2793 250 2834 (¹)
275 2796 293 2815 ⁸
318 2795 450 2827 Proinde
470 2807 629 2836 corporum
649 2798 683 2828 in
705 2799 742 2828 D
766 2803 795 2828 et
809 2799 834 2829 I
842 2800 991 2829 accelera·
1033 2804 1137 2829 autem
1151 2797 1354 2838 inaequalibus
1367 2803 1405 2828 ut
1416 2796 1496 2827 vires
1508 2795 1732 2827 accelerati-icas
1745 2800 1862 2826 ettem-

160 2837 254 2867 u'ones
266 2840 429 2877 :equalibus
450 2841 630 2878 temymribus
641 2841 743 2881 sactae
755 2846 830 2871 sunt
843 2847 879 2871 ut
903 2843 993 2872 linea
1033 2851 1109 2880 pora
1122 2840 1332 2881 conjunctim3
1354 2840 1407 2870 sed
1420 2840 1510 2869 lineae
1526 2839 1559 2869 D
1576 2839 1617 2875 E,
1634 2838 1652 2868 1
1670 2839 1709 2875 T,
1733 2843 1806 2868 sunt
1825 2843 1863 2869 ut

159 2880 196 2910 D
212 2880 254 2914 Ε,
270 2881 294 2910 I
310 2881 347 2909 T.
393 2881 473 2910 Sunt
497 2881 581 2911 enim
604 2881 684 2911 vires
707 2882 931 2913 acoeleraffioes
955 2889 992 2913 ut
1033 2883 1114 2913 virm
1127 2882 1349 2913 acceleratrioae
1361 2882 1395 2911 in
1409 2881 1627 2912 directionibus
1653 2881 1687 2912 D
1702 2880 1745 2917 E,
1773 2879 1791 2910 Ι
1809 2880 1860 2917 T;

159 2920 393 2951 accelerationes
402 2928 569 2959 nascentes,
595 2934 651 2953 seu
675 2924 867 2954 celeritatum
890 2925 990 2955 inere-
1032 2924 1107 2966 ergo
1121 2934 1283 2963 corporum
1297 2924 1331 2954 in
1346 2924 1379 2954 D
1391 2930 1424 2954 et
1440 2924 1457 2954 I
1481 2923 1712 2954 acceleratione-
1734 2922 1861 2962 aequali-

159 2968 267 2992 menta
280 2963 435 2994 nascentia
448 2963 560 2995 directe
575 2971 606 2995 et
618 2971 757 3005 tempora
766 2966 885 2997 inverse
906 2967 988 3008 (15),
1032 2969 1092 2998 bus
1103 2967 1293 3006 temporibus
1306 2966 1395 2996 sactae
1409 2971 1482 2996 sunt
1495 2971 1532 2996 ut
1551 2965 1642 2996 lineae
1665 2966 1699 2996 D
1715 2964 1757 3002 E,
1774 2964 1793 2995 Ι
1810 2965 1858 3002 Τ;

158 3003 246 3035 unde
259 3004 448 3043 temporibus
471 3007 641 3046 aequalibus
664 3008 897 3039 accelerationoe
919 3020 989 3039 nas-
1030 3009 1219 3048 temporibus
1232 3014 1336 3038 autem
1358 3007 1560 3050 inaequalibus
1574 3013 1610 3039 ut
1632 3007 1724 3039 lineae
1745 3006 1808 3038 iuae
1829 3014 1860 3038 et

159 3052 263 3078 centes
285 3052 359 3077 sunt
381 3053 419 3078 ut
442 3047 521 3078 vires
545 3049 778 3088 aecelemtrioes,
801 3051 990 3090 temporibus
1030 3056 1170 3090 tempora
1182 3050 1381 3092 conjunctim.

202 3101 283 3133 Vox.
305 3102 334 3132 Ι.
988 3106 1023 3142 Q
