2086 3542
165 249 319 293 an-:s
349 251 554 302 Morus]
612 249 935 292 PRINCIPIA
963 249 1459 294 MATHEMATICA.
1633 250 1637 251 ⁷
1822 258 1878 297 25

163 365 361 406 existente
380 377 540 419 semper
559 362 717 404 summfi
735 362 919 418 partium
935 362 1144 405 sexdecim
1160 370 1208 404 ut
1219 364 1347 419 prius.
1409 365 1455 407 Si
1474 379 1622 421 corpus
1637 367 1679 408 A
1697 368 1880 410 lucretur

162 443 298 492 partes
318 449 469 476 novem
486 434 552 476 vel
585 433 731 476 decem
751 433 818 475 vel
835 433 1029 476 undecim
1048 433 1114 475 vel
1139 433 1372 486 duodecim,
1393 435 1571 492 ideoque
1588 438 1879 494 progrediatur

161 514 256 562 post
273 519 517 547 concursum
537 519 632 546 cum
649 504 835 560 partibus
854 504 1090 560 quindecim
1108 504 1174 546 vel
1193 505 1402 547 sexdecim
1419 506 1486 548 vel
1505 506 1795 562 septemdecim
1813 510 1878 550 vel

161 576 400 627 octodecim,
434 590 583 631 corpus
603 575 656 626 B,
683 574 909 616 amittendo
934 581 997 616 tot
1021 582 1158 630 partes
1177 583 1279 632 quot
1299 577 1341 618 A
1361 576 1558 628 lucratur,
1586 577 1652 619 vel
1674 592 1769 619 cum
1794 579 1876 621 una

159 656 278 705 parte
300 648 590 706 progredietur
609 647 766 690 amissis
785 647 972 703 partibus
989 662 1152 699 novem,
1173 648 1239 690 vel
1279 648 1457 705 quiescet
1483 648 1772 691 amisso-motu
1802 664 1877 690 suo

157 719 621 777 prograesivoparti'um
640 717 796 769 decem,
832 718 898 760 vel
923 733 1019 760 cum
1044 717 1126 760 una
1151 726 1270 774 parte
1294 719 1550 777 regredietur
1575 719 1722 761 amisso
1755 727 1877 762 motu

159 805 234 832 suo
253 798 295 832 et
317 794 381 846 (ut
398 790 456 831 ita
474 789 626 842 dicam)
656 788 739 831 unfi
756 797 875 845 parte
886 789 1075 845 amplius,
1094 791 1161 832 vel
1179 791 1434 848 regredietur
1453 806 1548 834 cum
1567 791 1753 847 partibus
1772 791 1875 833 dua-

157 861 234 903 bus
253 861 308 902 ob
322 860 552 902 detractum
571 867 731 903 motum
748 860 1053 917 progressivum
1070 861 1252 916 partium
1266 861 1498 904 duodecim.
1530 862 1669 918 Atque
1687 862 1746 904 ita
1764 877 1874 903 sum—

155 947 236 974 mae
254 939 442 974 motuum
461 931 782 987 conspirantium
804 937 907 981 154
919 937 937 973 l
971 931 1036 972 vel
1061 938 1212 983 1640,
1243 939 1285 973 et
1303 932 1544 974 differentiae
1574 933 1874 975 contrariorum

159 1009 211 1049 17
227 1029 285 1037 —-
303 1010 320 1045 l
346 1010 388 1045 et
410 1009 461 1046 18
476 1028 535 1035 —
549 1008 575 1044 2
610 1016 770 1057 semper
789 1008 911 1043 erunt
927 1002 1110 1057 partium
1129 1002 1350 1054 sexdecim,
1386 1010 1433 1045 ut
1452 1011 1548 1045 ante
1567 1018 1813 1046 concursum
1833 1012 1874 1046 et

153 1075 431 1117 reflexionem.
479 1073 543 1130 (¹¹¹)
576 1072 763 1130 Cognitis
778 1079 916 1114 autem
945 1072 1124 1114 motibus
1150 1073 1395 1130 quibuscum
1414 1061 1590 1130 corpora
1612 1083 1706 1131 post
1724 1076 1872 1117 reflex-

152 1146 289 1187 ionem
308 1152 494 1202 pergent,
515 1143 744 1185 invenietur
763 1144 960 1200 cujusque
978 1143 1183 1196 velocitas,
1211 1145 1407 1199 ponendo
1427 1161 1519 1187 eam
1538 1161 1624 1188 esse
1641 1146 1698 1187 ad
1717 1146 1868 1187 veloci-

150 1223 276 1258 tatem
290 1222 386 1257 ante
404 1214 683 1265 reflexionem,
704 1221 750 1255 ut
760 1221 896 1255 motus
909 1221 1004 1269 post
1018 1222 1081 1256 est
1092 1213 1147 1256 ad
1160 1222 1320 1256 motum
1334 1222 1441 1257 ante.
1465 1216 1527 1258 Ut
1540 1216 1584 1256 in
1599 1231 1695 1257 casu
1709 1216 1868 1267 ultim0,

150 1287 223 1329 ubi
242 1286 425 1342 corporis
447 1285 484 1327 A
506 1292 643 1326 motus
662 1291 750 1326 erat
767 1284 948 1340 partium
969 1299 1041 1326 sex
1060 1295 1156 1326 ante
1175 1285 1445 1327 reflexionem
1458 1293 1499 1328 et
1509 1287 1690 1341 partium
1702 1287 1870 1338 octode-

150 1359 232 1400 cim
249 1365 404 1414 postea,
427 1365 469 1399 et
486 1356 679 1398 velocitas
698 1356 879 1411 partium
898 1355 1075 1397 duarum
1099 1364 1196 1398 ante
1214 1357 1479 1398 reflexionem
1485 1374 1498 1408 3
1527 1358 1758 1399 invenietur
1784 1360 1870 1414 ejus

149 1415 342 1471 velocitas
359 1427 540 1484 partium
559 1442 632 1468 sex
650 1422 744 1482 post
774 1427 1053 1478 reflexionem,
1087 1417 1276 1478 dicendo,
1300 1435 1346 1469 ut
1373 1426 1509 1469 motus
1527 1436 1665 1483 partes
1680 1443 1755 1471 sex
1774 1437 1869 1471 ante

149 1500 417 1541 reflexionem
451 1497 505 1540 ad
531 1496 666 1538 motus
693 1505 829 1552 partes
849 1497 1078 1539 octodecim
1095 1505 1252 1553 postea,
1287 1497 1345 1539 ita
1374 1497 1598 1540 velocitatis
1616 1507 1753 1555 partes
1773 1499 1868 1542 duae

150 1579 246 1612 ante
266 1570 530 1612 reflexionem
552 1567 605 1609 ad
625 1567 848 1609 velocitatis
862 1575 999 1623 partes
1012 1582 1083 1609 sex
1102 1575 1256 1623 postea.

206 1642 259 1698 (¹¹)
291 1639 419 1691 Quod
437 1640 472 1680 si
486 1652 661 1694 corpora
680 1638 744 1680 vel
763 1653 849 1679 non
867 1638 1079 1694 Sphaerica
1098 1639 1162 1680 vel
1197 1639 1365 1680 diversis
1378 1638 1423 1680 in
1436 1640 1557 1681 rectis
1575 1641 1783 1683 moventia
1801 1642 1865 1684 in-

149 1713 288 1754 cidant
306 1712 350 1753 in
369 1727 412 1753 se
430 1717 575 1752 mutuo
594 1708 773 1766 oblique,
807 1717 848 1752 et
866 1711 1128 1767 requirantur
1155 1725 1297 1752 eorum
1315 1718 1451 1752 motus
1469 1718 1564 1766 post
1582 1711 1846 1754 reflexionem
1852 1730 1865 1765 ;

149 1783 459 1842 cognoscendus
478 1789 539 1824 est
557 1781 656 1822 situs
670 1781 783 1836 plani
802 1796 828 1823 a
847 1796 931 1838 quo
943 1796 1117 1838 corpora
1129 1782 1416 1824 concurrentia
1427 1790 1652 1840 tanguntur
1671 1783 1715 1824 in
1733 1798 1865 1839 punc-

149 1909 194 1934 ca.
217 1901 268 1936 53,
285 1899 312 1930 si
326 1909 389 1929 non
411 1897 529 1929 fuerim
543 1895 681 1938 elastica)
707 1906 815 1927 eorum
839 1896 985 1928 velocitas
1027 1896 1057 1928 B
1074 1895 1109 1926 K
1126 1896 1166 1926 E.
1213 1895 1395 1935 ,iungantur
1419 1901 1536 1933 puncta
1560 1894 1593 1924 D
1615 1901 1646 1924 et
1663 1895 1705 1929 K,
1729 1902 1760 1926 et
1781 1906 1864 1931 recta

149 1947 218 1980 post
233 1941 412 1973 conflictum
429 1941 462 1970 in
475 1939 561 1971 lineri
577 1940 603 1970 C
622 1940 664 1974 D.
692 1939 741 1969 vel
757 1940 783 1970 C
804 1939 844 1973 E.
870 1950 908 1970 ex
922 1940 985 1980 qui
1026 1939 1060 1970 D
1074 1938 1119 1977 K,
1134 1948 1173 1969 ex
1187 1944 1292 1968 centro
1305 1937 1346 1974 E,
1362 1936 1561 1967 intersecetur
1571 1946 1644 1967 arcu
1653 1938 1708 1977 qui
1718 1938 1863 1971 describi-

144 1981 229 2022 dani,
248 1991 279 2016 et
292 1994 330 2015 ex
345 1983 506 2014 velocitate
520 1981 666 2022 parallela
680 1981 774 2022 plano
791 1982 818 2012 F
834 1982 872 2018 L,
889 1982 984 2013 etiam
1026 1986 1079 2013 tur
1092 1983 1180 2013 radio
1205 1983 1235 2014 E
1254 1982 1302 2020 H,
1316 1992 1448 2013 summm
1471 1982 1770 2014 semidiametrorum
1794 1985 1863 2025 glo-

144 2025 228 2062 dati,
250 2026 438 2066 compositus
452 2025 588 2065 corporis
610 2033 715 2055 motus
730 2026 799 2066 (per
816 2025 930 2055 Coroll.
954 2029 982 2056 1.
1025 2026 1137 2056 borum
1156 2027 1185 2055 A
1202 2031 1234 2056 et
1263 2025 1303 2061 B,
1329 2025 1453 2066 aequali.
1501 2025 1554 2055 Ex
1577 2031 1695 2065 puncto
1717 2027 1864 2058 intersec-

133 2095 137 2099 .
150 2068 265 2108 Newt.)
278 2068 368 2099 facile
380 2069 557 2108 reperietur.
593 2067 639 2098 Sit
654 2067 787 2107 exempli
796 2067 888 2097 causi:
902 2068 928 2098 C
941 2068 981 2104 G,
1025 2068 1118 2098 tionis
1132 2068 1175 2104 H,
1192 2068 1326 2098 ducatur
1339 2074 1422 2099 recta
1433 2068 1468 2098 H
1483 2068 1531 2104 Μ,
1549 2069 1607 2107 ipsi
1620 2069 1650 2099 E
1663 2069 1695 2099 A
1706 2069 1861 2108 parallela,

150 2111 295 2142 velocitas
309 2111 444 2150 eorporis
466 2112 506 2147 A,
530 2116 600 2150 post
614 2110 785 2150 impactum
807 2120 863 2150 per
889 2110 923 2140 D
939 2111 982 2146 E,
1026 2117 1118 2141 erunt
1134 2111 1174 2141 M
1187 2117 1220 2141 et
1237 2111 1276 2147 R,
1301 2110 1371 2141 loca
1384 2112 1419 2140 in
1433 2110 1546 2151 quibus
1568 2111 1734 2151 globorum
1756 2119 1863 2143 centra

148 2153 182 2183 in
200 2154 247 2191 C;
268 2153 392 2192 sumptii
403 2153 429 2184 C
446 2153 484 2189 L,
501 2153 612 2192 aequali
626 2157 658 2182 et
670 2151 817 2191 parallel&
826 2151 980 2183 velocitati
1022 2154 1257 2188 constituentur.
1274 2153 1330 2183 ubi
1344 2163 1452 2184 secum
1466 2153 1598 2184 invicem
1613 2161 1807 2189 concurrent,
1825 2162 1856 2186 et

148 2195 321 2227 secundum
339 2196 369 2226 A
386 2195 428 2231 D,
445 2205 514 2235 quae
529 2195 637 2225 eedem
654 2200 724 2233 post
738 2194 917 2225 conflictum
930 2206 981 2226 re-
1022 2196 1145 2235 sumpti
1161 2195 1244 2226 linea
1262 2197 1293 2226 R
1310 2196 1345 2232 C,
1363 2195 1475 2237 aequali
1499 2196 1586 2226 radio
1611 2196 1696 2236 globi
1713 2197 1754 2232 A,
1778 2204 1862 2228 recta

147 2245 260 2276 manet,
271 2238 462 2278 compleatur
470 2237 792 2277 parallelogrammum
803 2237 834 2267 G
850 2237 879 2267 L
889 2246 920 2268 et
935 2239 975 2274 A,
1022 2237 1050 2269 F
1064 2238 1103 2274 L,
1119 2238 1160 2268 ad
1178 2239 1209 2269 R
1226 2239 1253 2269 C
1275 2238 1547 2278 perpendicularis,
1573 2239 1605 2268 in
1622 2245 1739 2278 puncto
1757 2240 1794 2275 C,
1819 2241 1861 2269 si-

146 2281 321 2312 movebitur
334 2291 389 2320 per
402 2275 696 2320 illiusffiagonalem
714 2279 740 2309 C
758 2279 801 2315 K,
817 2279 978 2310 velocitate
1019 2287 1089 2311 tum
1103 2281 1188 2320 plani
1203 2280 1378 2322 designabit
1400 2300 1408 2308 .
1426 2303 1435 2311 .
1454 2302 1462 2311 .
1477 2303 1485 2310 .
1511 2283 1596 2312 Dem
1612 2302 1621 2311 .
1636 2303 1644 2311 .
1663 2302 1671 2311 .
1697 2282 1860 2317 Quoniam

147 2330 183 2354 ut
199 2324 225 2355 C
243 2323 286 2360 K,
311 2325 381 2365 (per
397 2322 511 2354 Coroll.
528 2326 555 2352 1.
581 2320 700 2360 Newt.)
737 2321 770 2351 si
784 2331 911 2360 corpora
924 2332 979 2352 an-
1021 2329 1105 2353 recta
1121 2323 1156 2353 H
1174 2324 1223 2360 M,
1239 2329 1285 2354 est
1299 2323 1390 2353 lineae
1407 2324 1436 2354 B
1455 2323 1488 2353 K
1507 2323 1654 2362 parallela
1665 2326 1734 2365 (per
1747 2324 1861 2364 const.)

145 2366 257 2407 gulosa
291 2366 348 2397 sibi
379 2376 435 2406 per
470 2364 602 2405 angulos
634 2369 805 2398 occurrant,
843 2364 981 2394 orientur
1021 2365 1080 2395 erit
1096 2365 1129 2395 D
1147 2366 1209 2396 M:
1231 2366 1264 2396 D
1282 2365 1482 2396 B=MH=
1503 2366 1532 2395 B
1547 2363 1750 2396 K=RE=
1772 2366 1800 2396 E
1819 2365 1880 2403 A.‘

147 2411 250 2439 m'otus
263 2408 436 2445 circulares,
459 2407 537 2438 dum
550 2417 621 2446 pars
634 2405 769 2445 corporis
794 2406 873 2436 exvi
886 2406 981 2436 insiti
1022 2408 1062 2436 ob
1079 2407 1111 2437 P..
1129 2407 1216 2438 E=
1231 2408 1267 2437 M
1280 2408 1338 2438 H:
1362 2414 1394 2438 et
1409 2408 1439 2437 E
1458 2408 1544 2437 A=
1557 2408 1585 2438 B
1604 2408 1656 2444 K;
1691 2406 1767 2448 ergo
1781 2408 1860 2439 divi-

145 2451 180 2481 in
194 2461 291 2481 unam
298 2451 423 2492 plagam
430 2456 581 2486 movetur,
597 2449 693 2480 altera
702 2447 774 2478 vero
783 2457 821 2478 ex
830 2447 976 2479 conflictu
1019 2448 1122 2479 dendo
1137 2450 1166 2480 B
1178 2450 1218 2481 Μ
1231 2462 1238 2480 =
1259 2450 1288 2480 B
1305 2451 1392 2480 D=
1408 2450 1437 2479 A
1457 2450 1486 2479 R.
1502 2462 1509 2480 z
1531 2451 1563 2479 A
1575 2450 1615 2485 E,
1632 2455 1664 2479 et
1677 2449 1860 2481 alternando

144 2493 244 2524 &rtur
257 2493 291 2523 in
305 2493 433 2524 alteram
446 2492 572 2534 plagam
584 2489 665 2523 circ&
678 2490 813 2531 corporis
826 2497 978 2522 centrum.
1021 2491 1052 2523 B
1067 2492 1108 2523 M
1122 2504 1131 2523 ι
1158 2491 1191 2523 A
1208 2492 1297 2523 R=
1308 2492 1338 2523 B
1350 2492 1408 2523 D:
1431 2491 1461 2523 A
1479 2491 1518 2522 E.
1548 2493 1863 2534 CumigitursitBM

191 2539 239 2568 57.
267 2536 358 2567 Datis
377 2536 511 2567 duorum
525 2535 635 2576 globo-

144 2588 216 2620 rum
240 2578 270 2609 A
285 2585 317 2610 et
340 2580 378 2614 B,
404 2578 633 2613 directionibus,

143 2620 348 2652 celeritatibus
352 2627 384 2652 et
391 2620 556 2656 diametxis,
568 2619 634 2651 un&

144 2673 219 2694 cum
233 2673 341 2694 eorum
350 2663 412 2694 situ
421 2662 493 2694 ante
507 2662 632 2693 conflic-

143 2711 220 2741 tum,
245 2706 338 2737 facile
361 2713 407 2737 est
428 2705 632 2736 determinare

143 2754 296 2787 punctum
310 2747 477 2779 concursus
493 2748 528 2785 C,
545 2753 577 2779 et
590 2748 631 2778 si-

143 2795 213 2820 tum
239 2791 326 2830 plani
343 2791 370 2822 F
399 2791 438 2827 L,
462 2797 631 2831 utrumque

143 2831 272 2871 globum
285 2833 318 2863 in
332 2840 448 2873 puncto
462 2834 497 2870 C,
510 2833 632 2864 contin-

142 2875 252 2914 gentis.
297 2876 418 2907 Globus
443 2876 484 2912 A,
513 2875 631 2906 feratur

143 2925 198 2954 per
206 2916 322 2948 lineam
334 2919 363 2948 A
377 2919 418 2954 E,
435 2917 630 2949 etceleritate

144 2967 179 2988 ut
196 2960 227 2989 A
244 2959 283 2995 E,
302 2960 414 3000 globus
429 2961 458 2991 B
483 2960 556 2991 vero
581 2971 630 2991 se-

143 2999 283 3031 cundum
305 3002 507 3033 directionem
532 3004 560 3034 B
585 3003 625 3039 E,

142 3042 342 3074 celeritatem:
358 3045 387 3075 B
400 3045 443 3080 D,
459 3051 630 3076 moveatur.

141 3085 267 3116 Junctis
288 3086 319 3115 A
347 3092 380 3116 et
407 3087 436 3117 B
464 3087 630 3127 globorum

141 3127 318 3166 'centrisper
327 3126 443 3158 lineam
455 3130 485 3159 A
497 3130 534 3164 B,
545 3139 631 3160 com-

141 3169 590 3211 pleaturparallelogrammum
597 3171 629 3202 A
