2086 3542
203 237 227 274 8
631 225 1084 281 PH1LosoPH1AE
1127 238 1502 283 NATURALIS.
1679 240 1916 293 [Dmm.

199 353 302 395 trale
323 354 460 410 (quale
479 362 540 398 est
559 357 739 416 Magnes
757 359 801 400 in
828 368 971 402 centro
989 360 1052 403 vis
1083 361 1339 419 magneticae,
1372 362 1436 404 vel
1457 362 1592 404 Terra
1620 361 1665 404 in
1684 370 1827 405 centro
1861 361 1925 405 vis

198 424 452 482 gravitantis)
484 427 568 469 sive
587 428 667 470 alia
697 429 834 486 aliqua
873 446 967 487 quae
997 446 1082 473 non
1102 440 1285 487 apparet.
1365 431 1685 475 Mathematicus
1723 434 1926 476 duntaxat

200 502 260 537 est
287 494 357 537 hic
387 505 621 554 conceptus.
695 501 806 542 Nam
841 501 990 542 virium
1023 516 1164 543 causas
1184 510 1225 544 et
1251 502 1366 544 sedes
1397 502 1594 559 Physicas
1621 504 1709 559 jam
1742 518 1828 545 non
1847 518 1920 545 ex-

197 566 348 623 pendo.

256 639 331 680 Est
350 638 476 696 igitur
495 639 554 681 vis
574 640 837 683 acceleratrix
852 641 906 682 ad
926 642 1009 683 vim
1028 643 1243 685 motricem
1261 651 1308 684 ut
1320 643 1504 685 celeritas
1515 644 1570 685 ad
1588 651 1758 686 motum.
1819 645 1919 687 Ori-

197 716 264 750 tur
285 709 394 750 enim
414 711 618 767 quantitas
637 718 771 753 motus
787 726 841 754 ex
861 712 1067 754 celeritate
1087 720 1128 754 et
1147 727 1200 754 ex
1220 714 1447 769 quantitate
1464 715 1660 766 materiae,
1682 722 1724 756 et
1742 715 1802 756 vis
1827 730 1918 756 mo-

195 780 279 821 trix
299 794 353 822 ex
373 780 413 821 vi
432 782 714 824 acceleratrice
729 789 770 823 et
785 797 839 824 ex
854 783 1078 838 quantitate
1098 783 1278 839 ejusdem
1298 784 1481 825 materiae
1501 785 1762 841 conjunctim.
1805 785 1915 827 Nam

197 865 358 893 summa
377 851 585 893 actionum
618 852 678 894 vis
712 852 1005 896 acceleratricis
1025 854 1068 895 in
1105 854 1283 911 singulas
1311 854 1494 910 corporis
1526 855 1747 909 particulas
1777 863 1838 896 est
1856 856 1918 896 vis

196 922 347 963 motrix
367 923 507 965 totius.
550 923 676 967 Unde
689 924 811 980 juxta
826 924 1254 981 superficiemTerrae,
1276 925 1348 967 ubi
1366 925 1544 983 gravitas
1559 925 1824 967 acceleratrix
1843 941 1916 968 seu

194 993 256 1034 vis
276 994 484 1050 gravitans
503 994 547 1035 in
568 995 809 1050 corporibus
828 995 1025 1037 universis
1041 995 1184 1038 eadem
1204 1003 1275 1047 est,
1297 997 1474 1053 gravitas
1494 996 1647 1037 motrix
1667 1011 1738 1037 seu
1751 997 1915 1052 pondus

194 1071 254 1104 est
273 1071 318 1104 ut
352 1078 518 1120 corpus:
562 1073 604 1106 at
635 1066 669 1106 si
699 1066 744 1106 in
774 1066 962 1123 regiones
995 1066 1239 1108 ascendatur
1273 1067 1345 1108 ubi
1364 1067 1542 1124 gravitas
1577 1066 1841 1109 acceleratrix
1866 1067 1916 1109 fit

191 1134 339 1184 minor,
360 1134 528 1189 pondus
546 1136 701 1190 pariter
719 1136 939 1186 minuetur,
962 1137 1118 1193 eritque
1133 1151 1295 1193 semper
1315 1145 1361 1179 ut
1380 1152 1528 1193 corpus
1543 1137 1582 1179 Sc
1600 1137 1778 1195 gravitas
1797 1152 1914 1180 acce-

190 1205 360 1246 leratrix
379 1206 644 1260 conjunctim.
706 1206 775 1248 Sic
794 1206 838 1246 in
858 1206 1094 1264 regionibus
1113 1208 1185 1249 ubi
1203 1208 1381 1265 gravitas
1401 1208 1667 1250 acceleratrix
1687 1208 1815 1264 duplo
1834 1209 1912 1250 mi-

188 1290 267 1317 nor
287 1282 359 1326 est,
389 1274 553 1331 pondus
573 1275 757 1332 corporis
777 1276 905 1332 duplo
924 1277 989 1319 vel
1008 1277 1133 1332 triplo
1151 1278 1320 1320 minoris
1340 1279 1418 1321 erit
1436 1279 1667 1335 quadruplo
1685 1279 1751 1321 vel
1771 1287 1912 1322 sextu-

186 1345 259 1402 plo
277 1346 429 1389 minus.

247 1417 385 1459 Porro
406 1417 667 1458 attractiones
685 1423 726 1458 et
744 1417 942 1473 impulsus
963 1418 1109 1460 eodem
1121 1433 1241 1460 sensu
1255 1419 1557 1461 acceleratrices
1569 1426 1610 1461 et
1623 1419 1818 1461 mou-ines
1833 1434 1910 1462 no-
1949 1437 1953 1439 -

186 1487 313 1529 mino.
374 1487 508 1529 Voces
528 1495 665 1528 autem
687 1487 968 1544 Attractionis,
993 1489 1212 1544 Impulsus,
1235 1490 1300 1531 vel
1323 1490 1614 1546 Propensionis
1634 1491 1911 1548 cujuscunque

186 1558 231 1600 in
252 1566 452 1609 centrum,
483 1558 764 1600 indifferenter
776 1567 817 1600 et
834 1573 913 1614 pro
933 1573 976 1600 se
995 1559 1139 1601 mutuo
1153 1559 1384 1615 promiscue
1404 1576 1557 1616 usurpo
1564 1577 1575 1611 3
1605 1560 1679 1602 has
1699 1556 1805 1602 vires
1823 1576 1909 1603 non

189 1628 380 1686 Physice,
403 1628 474 1670 sed
496 1628 793 1672 Mathematice
812 1628 972 1671 tantum
993 1630 1304 1672 considerando.
1365 1631 1491 1674 Unde
1517 1639 1658 1672 caveat
1682 1631 1824 1682 lector,
1854 1647 1909 1674 ne

184 1714 265 1755 per
298 1700 534 1756 hujusmodi
567 1715 688 1742 voces
721 1700 874 1758 cogitet
892 1716 960 1742 me
991 1701 1168 1757 speciem
1187 1702 1253 1743 vel
1283 1701 1458 1744 modum
1490 1702 1659 1743 actionis
1693 1717 1909 1745 causamve

182 1758 255 1812 aut
273 1771 475 1813 rationem
496 1770 715 1827 Physicam
735 1771 885 1813 alicubi
904 1771 1090 1823 definire,
1124 1773 1188 1814 vel
1208 1773 1357 1814 centris
1379 1776 1488 1829 (quae
1522 1780 1616 1814 sunt
1633 1780 1788 1828 puncta
1808 1773 1906 1815 Ma-

182 1841 419 1895 thematica)
440 1842 546 1884 vires
564 1842 660 1885 vere
679 1843 718 1884 δι
740 1841 917 1898 Physice
935 1843 1136 1894 tribuere3
1172 1843 1207 1885 si
1238 1843 1348 1886 forte
1368 1852 1437 1886 aut
1458 1852 1598 1886 centra
1617 1843 1792 1896 trahere,
1835 1852 1906 1886 aut

181 1913 286 1955 vires
306 1923 542 1956 centrorum
561 1928 647 1955 esse
666 1913 824 1956 dixero.

934 2036 1140 2079 Scholium.

237 2174 452 2217 Hactenus
471 2186 592 2216 voces
611 2174 746 2216 minus
765 2181 896 2226 notas,
933 2189 1016 2231 quo
1035 2188 1156 2216 sensu
1174 2173 1218 2215 in
1238 2173 1498 2230 sequentibus
1517 2172 1767 2229 accipiendae
1807 2173 1902 2226 sint,

178 2245 386 2301 explicare
405 2245 540 2288 visum
567 2252 640 2287 est.
710 2245 908 2301 Tempus,
943 2245 1144 2300 Spatium,
1177 2245 1339 2287 Locum
1365 2252 1406 2286 et
1433 2244 1614 2295 Motum,
1645 2251 1693 2284 ut
1711 2243 1903 2286 omnibus

178 2317 401 2368 notissima,
422 2331 509 2358 non
528 2315 696 2358 definio.
755 2315 998 2357 Notandum
1018 2323 1169 2367 tamen,
1203 2315 1316 2372 quod
1342 2315 1487 2372 vulgus
1507 2313 1750 2371 quantitates
1779 2314 1902 2358 hasce

177 2402 262 2429 non
275 2387 393 2430 aliter
412 2402 536 2444 quam
555 2401 609 2428 ex
627 2386 824 2428 relatione
836 2387 890 2428 ad
903 2387 1107 2429 sensibilia
1119 2387 1335 2442 concipiat.
1394 2386 1451 2428 Et
1469 2385 1566 2426 inde
1585 2384 1774 2426 oriuntur
1790 2399 1901 2441 prae-

171 2458 327 2513 judicia
347 2457 549 2515 quaedam,
579 2457 726 2514 quibus
745 2457 936 2499 tollendis
957 2458 1148 2499 convenit
1167 2457 1331 2499 easdem
1349 2456 1393 2496 in
1412 2455 1616 2497 absolutas
1635 2462 1676 2497 et
1695 2455 1898 2510 relativas,

179 2544 293 2570 veras
313 2537 354 2570 et
373 2535 628 2584 apparenteS,
650 2527 959 2570 mathematicas
978 2536 1020 2570 et
1037 2528 1225 2585 vulgares
1245 2525 1452 2583 distingui.

237 2597 289 2654 (k)
321 2600 356 2642 Ι.
388 2600 574 2654 Tempus
606 2598 868 2650 Absolutum,
899 2613 1055 2650 verum,
1087 2605 1128 2640 et
1158 2596 1504 2648 mathematicum,
1536 2596 1646 2638 inse
1680 2603 1721 2638 et
1749 2597 1897 2640 natura

179 2668 251 2710 sua
273 2670 360 2711 sine
379 2670 578 2711 relatione
597 2668 651 2711 ad
671 2676 887 2710 externum
907 2668 1092 2725 quodvis,
1129 2667 1385 2724 aequabiliter
1402 2667 1505 2718 fluit,
1541 2666 1704 2723 alioque
1728 2668 1898 2711 nomine

177 2739 327 2780 dicitur
347 2740 543 2782 Duratio:
578 2739 825 2791 Relativum,
858 2754 1072 2795 apparenS,
1109 2746 1151 2781 et
1169 2738 1338 2796 vulgare
1364 2746 1424 2780 est
1450 2737 1647 2780 sensibilis
1667 2745 1708 2779 et
1727 2745 1898 2782 externa

176 2811 329 2866 quoevis
356 2811 598 2853 Durationis
611 2826 688 2867 per
706 2818 866 2852 motum
884 2825 1075 2852 mensura
1096 2813 1186 2866 (seu
1205 2817 1394 2852 accurata
1413 2824 1483 2850 seu
1516 2808 1788 2865 inaequabilis)
1814 2809 1894 2867 qua

175 2881 321 2937 vulgus
340 2881 429 2922 vice
447 2882 533 2922 veri
551 2882 748 2937 temporis
766 2882 894 2923 utitur
905 2897 916 2932 ;
946 2888 993 2923 ut
1014 2882 1148 2932 Hora,
1171 2881 1294 2940 Dies,
1321 2879 1491 2931 Mensis,
1515 2880 1674 2921 Annus.

234 2952 293 2993 ΙΙ.
318 2951 505 3006 Spatium
526 2950 786 3004 Absolutum,
807 2951 952 2994 natura
973 2951 1043 2993 sua
1071 2952 1157 2994 sine
1176 2951 1373 2993 relatione
1392 2950 1446 2992 ad
1465 2957 1679 2992 externum
1706 2951 1891 3007 quodvis,

176 3036 336 3077 semper
354 3029 494 3063 manet
505 3021 681 3064 similare
693 3024 732 3064 &
747 3023 972 3064 immobile:
1008 3022 1240 3064 Relativum
1256 3029 1316 3064 est
1335 3021 1454 3077 spatii
1472 3020 1593 3076 hujus
1612 3035 1803 3063 mensura
1822 3036 1892 3064 seu

175 3092 375 3135 dimensio
394 3092 588 3148 quaelibet
606 3094 780 3145 mobilis,
803 3108 895 3150 quae
915 3109 940 3134 a
966 3093 1147 3134 sensibus
1166 3093 1314 3134 nostris
1339 3106 1415 3148 per
1434 3091 1555 3132 situm
1590 3106 1708 3133 suum
1728 3092 1781 3134 ad
1800 3107 1892 3134 cor-

145 3185 152 3191 ’
219 3188 267 3230 (k)
294 3191 343 3218 16.
392 3185 669 3223 Quemadmodum
696 3189 871 3219 Geometrae
899 3187 1014 3218 lineam
1057 3195 1125 3219 tum
1136 3186 1351 3219 mathematice
1360 3186 1549 3218 considerare
1558 3197 1733 3226 possumus,
1743 3193 1889 3228 tanquam

176 3230 262 3261 fluxu
279 3229 385 3270 puncti
400 3230 539 3271 generari
554 3230 685 3270 fingunt,
703 3230 746 3260 ita
754 3237 877 3270 tempus
891 3231 1013 3262 absolu·
1055 3231 1236 3272 aequabilem
1259 3230 1353 3261 unius
1376 3229 1516 3261 instantis
1538 3240 1592 3260 scu
1616 3229 1723 3270 puncti
1747 3229 1891 3269 temporis
