2158 3562
387 247 458 290 viii
990 286 994 291 ‚
1040 292 1043 294 ,
1077 237 1401 281 MONITUM.

388 350 478 393 sola
510 350 741 394 doctissimi
774 352 957 394 authoris
991 353 1117 395 verba
1139 355 1282 409 jurare
1316 354 1466 397 nolunt
1478 368 1490 404 3
1531 354 1685 397 eximia
1714 368 1808 412 quae
1836 355 1882 397 in
1912 355 2106 399 Newtoni

386 439 740 495 propositionibus
779 440 910 482 latent
947 440 1127 492 inventa,
1179 441 1411 484 deteximus
1460 448 1584 499 atque
1633 442 1884 492 evolvimus3
1934 443 2106 486 tandem

386 522 484 566 cum
502 507 845 581 praestantissima
863 526 935 568 illa
955 527 1105 569 summi
1134 527 1212 568 viri
1240 527 1446 583 principia
1473 541 1560 568 non
1589 524 1724 568 solum
1751 527 1994 585 intelligere,
2028 527 2104 570 sed

386 618 428 653 et
460 609 575 652 illam
610 626 736 667 quam
771 610 849 652 sibi
887 611 1050 666 aperuit
1085 611 1140 654 ad
1174 612 1457 655 inventionem
1485 613 1596 654 viam
1624 612 1842 668 explorare
1870 612 2102 668 plurimum

385 698 671 741 delectationis
685 698 843 740 vhabeat
862 705 904 740 et
923 697 1124 749 utilitatis,
1147 698 1333 753 dispersa
1357 698 1442 740 huc
1471 706 1513 740 et
1540 698 1640 739 illuc
1667 698 1879 755 generalia
1908 699 2102 755 quaedam

384 784 644 840 problemata
662 784 794 826 lector
813 784 1005 840 reperiet.
1068 784 1180 826 Haec
1200 792 1298 826 sunt
1317 799 1411 841 quae
1440 784 1575 827 facere
1605 784 1824 836 voluimus,
1857 800 1941 842 quo
1971 787 2099 838 exitu,

384 868 514 925 penes
533 868 783 911 benevolum
802 868 1003 912 lectorem
1022 878 1111 912 esto
1124 869 1343 926 judicium.
1405 870 1476 914 Ex
1490 870 1607 912 brevi
1621 871 1694 912 illo
1710 874 2102 916 commentariorum

383 962 624 998 nostrorum
654 962 881 1012 prospectu
912 956 1010 998 satis
1044 964 1160 1012 patet
1194 971 1298 1013 quos
1331 957 1453 999 nobis
1488 957 1667 1000 lectores
1702 959 1981 1013 postulemus3
2023 974 2103 1004 nec

381 1042 733 1098 praestantissimis
752 1041 1054 1084 mathematicis
1074 1055 1152 1084 nec
1171 1041 1364 1098 imperito
1387 1041 1735 1098 philosophorum
1753 1044 1880 1101 vulgo
1899 1058 1977 1085 nos
2002 1044 2103 1086 scri-

381 1131 482 1173 bere
507 1131 783 1187 profitemur;
815 1130 869 1172 ad
897 1128 1070 1186 huJusce
1099 1129 1236 1184 operis
1264 1129 1485 1171 lectionem
1515 1144 1585 1171 eos
1614 1129 1818 1172 duntaxat
1846 1129 2103 1174 admittimus

382 1217 455 1274 qui
474 1232 524 1259 ea
544 1231 638 1273 quae
651 1217 741 1272 jam
761 1215 943 1257 diximus
963 1215 1169 1257 elementa
1187 1215 1231 1256 in
1250 1222 1450 1270 promptu
1468 1215 1636 1266 habent,
1668 1224 1710 1259 et
1728 1216 1801 1258 tali
1819 1217 1991 1272 insuper
2010 1217 2104 1273 pol-

380 1303 470 1345 lent
487 1302 638 1345 mentis
659 1302 761 1353 acie,
783 1309 831 1343 ut
849 1301 1052 1358 longioris
1082 1291 1444 1343 demonstrationis
1472 1301 1557 1345 vim
1586 1310 1709 1360 atque
1739 1305 1887 1347 seriem
1917 1302 2102 1347 studiose

380 1390 573 1447 persequi
593 1397 635 1432 et
654 1390 794 1431 animo
814 1387 1171 1444 comprehendere
1190 1387 1363 1443 possint.
1537 1379 1542 1384 ⁸

415 1499 417 1503 κ
439 1480 510 1522 De
529 1478 680 1520 nostris
701 1477 1009 1519 commentariis
1029 1475 1122 1518 haec
1142 1475 1241 1518 satis
1261 1476 1372 1517 dicta
1393 1475 1487 1517 sint.
1539 1474 1698 1518 Verum
1717 1472 1915 1520 naturalis
1931 1480 2105 1536 aequitas

382 1574 424 1608 et
443 1566 759 1608 mathematicus
781 1564 938 1606 candor
957 1563 1184 1619 postulant,
1206 1571 1254 1604 ut
1273 1577 1349 1604 nos
1369 1561 1598 1617 plurimum
1613 1561 1767 1604 debere
1781 1563 1985 1606 fateamur
2003 1565 2105 1614 doc-

382 1651 549 1694 tissimis
579 1651 692 1702 viris,
724 1649 881 1693 Davidi
913 1647 1136 1706 Gregorio,
1166 1646 1440 1704 VarignoniO,
1472 1646 1632 1688 Jacobo
1654 1647 1918 1699 Hermanno,
1943 1649 2106 1691 domni

386 1734 554 1788 Keillio,
576 1735 749 1792 aliisque
769 1734 924 1785 multis,
947 1734 1020 1791 qui
1039 1733 1173 1775 varias
1194 1732 1482 1774 Newtonianae
1504 1731 1788 1787 Philosophiae
1815 1741 1957 1789 partes
1985 1734 2105 1777 lucu-

380 1823 504 1867 lentis
535 1821 699 1877 scriptis
729 1819 1003 1861 illustrarunt.
1073 1818 1237 1861 Eadem
1266 1817 1470 1874 aequitatis
1499 1826 1622 1874 atque
1651 1818 1916 1876 ingenuitatis
1950 1820 2045 1878 lege
2078 1837 2105 1864 a

348 1940 350 1942 -
380 1912 502 1957 nobis
522 1913 716 1973 religiose
735 1914 892 1956 factum
913 1920 987 1964 est,
1009 1918 1057 1957 ut
1076 1918 1148 1953 eos
1169 1918 1312 1951 omnes
1333 1922 1512 1964 quorum
1531 1907 1674 1962 spoliis
1694 1906 1918 1964 aliquando
1936 1907 2103 1952 ditesci-

380 2005 488 2054 mus,
510 2004 554 2044 in
575 2002 969 2045 commentariorum
996 1995 1238 2041 nostrorum
1266 1997 1444 2038 decursu
1473 1995 1645 2036 honoris
1675 1995 1797 2039 causa
1826 1997 2101 2041 nominemus.

313 2128 316 2134 ,
379 2088 603 2135 Publicum
623 2076 789 2150 quoque
815 2090 925 2149 grati
953 2085 1081 2131 animi
1109 2086 1393 2130 testimonium
1421 2084 1566 2126 deesse
1594 2084 1789 2126 nolumus
1824 2083 1980 2128 clariss.
2001 2086 2100 2132 Dm.

378 2180 417 2223 J.
436 2180 487 2222 L.
508 2179 763 2222 Calandrino
775 2179 820 2220 in
833 2174 1062 2220 Academifi
1081 2173 1320 2217 Genevensi
1341 2171 1583 2215 Professore
1594 2171 1639 2212 in
1658 2171 1783 2213 rebus
1798 2171 2101 2215 mathematicis

314 2286 318 2290 ‚
376 2259 670 2317 versatisSimo,
693 2264 765 2321 qui
783 2244 893 2305 lianc
910 2269 1099 2304 nostram
1119 2259 1312 2303 Newtoni
1332 2257 1641 2313 Principiorum
1660 2257 1885 2309 editionem
1903 2258 2100 2302 adornari

376 2351 535 2393 curavit
554 2351 609 2392 ad
627 2360 819 2391 normam
839 2331 1157 2406 elegantissimae
1176 2345 1286 2387 illius
1307 2343 1514 2395 editionis,
1537 2357 1632 2400 quae
1651 2342 1929 2386 additionibus
1957 2347 2098 2390 multis

375 2438 626 2495 locupletata
646 2435 832 2480 Londini
850 2436 1008 2492 prodiit
1027 2437 1139 2478 anno
1163 2438 1286 2479 1726.
1351 2432 1520 2475 Deinde
1539 2432 1584 2473 id
1604 2432 1682 2474 sibi
1701 2433 1855 2475 laboris
1875 2436 2098 2492 assumpsit

376 2527 439 2570 vir
462 2526 725 2569 doctissimus
755 2538 842 2565 non
869 2518 1019 2565 solfim'
1034 2522 1084 2562 ut
1112 2519 1323 2562 schemata
1350 2516 1490 2568 incidi,
1523 2517 1606 2558 suis
1635 2516 1736 2559 locis
1766 2517 1944 2574 disponi,
1971 2527 2098 2577 typo-

374 2612 573 2671 graphica
591 2610 745 2655 menda
764 2606 918 2665 corrigi
938 2603 1086 2648 seduli)
1104 2603 1352 2661 invigilaret,
1375 2602 1450 2645 sed
1469 2603 1592 2646 etiam
1612 2616 1662 2645 ea
1681 2618 1775 2661 quae
1796 2605 1886 2661 jam
1911 2605 2096 2650 laudavi-

377 2715 469 2742 mus
490 2700 720 2742 sectionum
741 2695 978 2739 conicarum
999 2693 1205 2736 elementa
1225 2692 1470 2747 composuit,
1493 2700 1535 2734 et
1554 2706 1648 2749 quae
1677 2708 1703 2734 a
1731 2693 1852 2735 nobis
1881 2707 1967 2738 non
1996 2696 2094 2739 satis

375 2783 592 2844 perspicue
611 2784 859 2827 videbantur
879 2780 1068 2838 exposita
1086 2778 1270 2835 propriis
1289 2778 1398 2820 notis
1419 2777 1641 2835 aliquando
1661 2779 1891 2823 illustravit.

436 2873 537 2916 Hoc
555 2879 698 2914 nostro
719 2871 862 2913 labore
882 2868 1072 2910 fruantur
1091 2880 1236 2909 rerum
1253 2865 1638 2909 mathematicarum
1657 2867 1865 2911 cultores.'

503 2979 615 3009 RozAE
628 2976 663 3007 in
679 2975 771 3014 Regio
790 2973 945 3006 conventu
961 2973 1042 3003 SSae.
1065 2969 1237 3007 Trinitatis,

794 3031 889 3061 Anno
906 3030 998 3060 1759.
