2086 3542
115 228 279 310 *ann
301 268 516 320 Primus]
569 263 890 310 PRINCIPIA
921 262 1414 312 MATHEMATICA.
1751 279 1831 315 133

127 379 167 421 L
187 380 344 436 aequale
362 378 487 422 fuerit
515 383 542 421 2
565 379 594 431 S
616 378 652 420 P
679 384 721 429 41-
749 384 775 420 2
798 378 842 421 K
864 373 913 431 P,
941 378 1161 434 longitudo
1183 378 1220 419 P
1242 378 1292 419 H
1320 378 1483 419 infinita
1502 380 1603 429 erit3
1634 387 1675 422 e't
1705 396 1832 436 prop-

126 459 238 493 terea
258 451 393 508 figura
411 450 490 492 erit
516 450 716 505 parabola
746 464 868 492 axem
897 450 1056 491 habens
1080 450 1110 492 S
1133 449 1183 491 H
1213 448 1458 504 parallelum
1488 449 1610 491 lineae
1645 451 1679 491 P
1702 452 1758 501 K,
1788 461 1831 495 et

126 523 223 565 inde
240 522 418 564 dabitur,
481 517 610 572 Quod
629 522 665 564 si
683 531 839 578 corpus
858 521 1006 578 maiori
1020 520 1161 563 adhue
1181 535 1278 562 cum
1305 520 1522 563 velocitate
1549 520 1603 563 de
1631 521 1725 563 loco
1752 537 1829 564 suo

125 1653 162 1695 P
182 1659 313 1704 exeat,
336 1653 536 1709 capienda
555 1652 635 1697 erit
653 1654 871 1712 longitudo
894 1655 930 1697 P
949 1656 998 1697 H
1017 1655 1071 1697 ad
1090 1656 1263 1698 alteram
1279 1662 1440 1712 partem
1456 1656 1688 1714 tangentis3
1718 1656 1835 1698 ideo-

124 1742 204 1783 que
223 1734 419 1785 tangente
437 1728 546 1770 inter
565 1727 780 1769 umbilicos
799 1736 1013 1785 pergente,
1035 1728 1171 1786 figura
1186 1729 1265 1771 erit
1283 1729 1514 1786 hyperbola
1534 1744 1655 1771 axem
1674 1729 1834 1772 habens

123 1800 394 1855 principalem
413 1799 615 1857 aequalem
636 1800 880 1843 differentiae
899 1801 1104 1843 linearum
1127 1803 1157 1845 S
1179 1798 1217 1845 P
1237 1810 1279 1844 et
1300 1799 1336 1844 P
1359 1801 1421 1854 H,
1453 1810 1495 1844 et
1526 1802 1623 1844 inde
1654 1802 1833 1844 dabitur.

129 1873 237 1914 Nam
257 1874 292 1915 si
311 1888 462 1930 corpus
482 1874 526 1915 in
546 1874 611 1916 his
631 1874 792 1916 casibus
821 1875 1057 1916 revolvatur
1086 1875 1131 1915 in
1167 1875 1311 1917 conica
1347 1872 1527 1917 sectione
1563 1875 1622 1917 sic
1652 1873 1833 1925 inventa,-

126 1943 452 1987 demonstratum
473 1954 533 1987 est
551 1946 596 1986 in
618 1946 745 2001 Prop.
768 1945 853 1997 XI,
878 1945 988 1997 XII,
1011 1954 1054 1988 et
1074 1945 1209 1997 XIII,
1231 1945 1344 2003 quod
1363 1947 1426 1988 vis
1447 1946 1672 2002 centripeta
1691 1945 1770 1989 erit
1788 1954 1835 1988 ut

125 2014 370 2069 quadratum
390 2016 595 2058 distantiae
615 2017 799 2072 corporis
819 2032 844 2057 a
865 2026 1007 2058 centro
1027 2011 1177 2059 virium
1199 2016 1230 2059 S
1250 2016 1461 2073 reciproce
1476 2034 1488 2068 3
1517 2017 1698 2074 ideoque
1724 2017 1833 2060 linea

125 2084 161 2125 P
183 2085 226 2134 Q
245 2085 356 2127 recte
377 2086 607 2138 exhibetur,
629 2102 752 2143 quam
773 2102 922 2143 corpus
942 2087 1015 2129 tali
1035 2088 1076 2128 vi
1100 2087 1320 2139 describet,
1350 2088 1403 2130 de
1421 2088 1516 2130 loco
1536 2087 1635 2129 dato
1657 2089 1706 2139 P,
1737 2103 1833 2130 cum

122 2155 218 2198 data
238 2157 465 2207 velocitate,
489 2158 716 2200 secundum
735 2167 890 2201 rectam
909 2159 1114 2215 positione
1133 2160 1274 2202 datam
1288 2160 1324 2201 P
1343 2161 1383 2202 R
1398 2161 1634 2218 egrediens.
1671 2161 1728 2211 Q.
1750 2176 1786 2202 e.
1799 2160 1831 2201 «f.

181 2228 310 2269 Corol.
336 2234 372 2269 l.
405 2228 522 2270 Hinc
560 2229 604 2269 in
638 2228 753 2271 omni
787 2231 881 2272 coni
916 2221 1098 2274 sectione
1128 2247 1182 2274 ex
1210 2232 1308 2274 dato
1337 2233 1490 2275 vertice
1518 2232 1737 2289 principali
1770 2226 1830 2281 D,

121 2299 250 2341 latere
269 2309 383 2342 recto
405 2301 456 2351 L,
480 2308 522 2342 et
541 2301 738 2343 umbilico
761 2303 805 2352 S,
827 2302 950 2344 datur
969 2303 1188 2344 umbilicus
1208 2304 1312 2345 alter
1334 2304 1384 2346 H
1404 2304 1607 2359 capiendo
1627 2304 1672 2346 D
1697 2302 1746 2343 H
1775 2301 1830 2342 ad

121 2370 166 2412 D
189 2371 220 2412 S
239 2379 286 2412 ut
315 2378 376 2412 est
404 2370 511 2412 latus
542 2379 702 2413 rectum
738 2372 792 2413 ad
827 2368 1101 2414 differentiam
1133 2373 1243 2415 inter
1272 2373 1379 2415 latus
1413 2382 1573 2415 rectum
1609 2381 1651 2414 et
1670 2379 1696 2414 4
1717 2372 1763 2414 D
1785 2372 1830 2415 S.

123 2440 174 2496 (d)
206 2441 318 2483 Nam
336 2442 554 2497 proportio
578 2443 608 2484 S
631 2443 667 2484 P
690 2450 732 2493 -Ι-
757 2437 934 2486 PHad
956 2444 992 2485 P
1014 2442 1175 2486 Hut2
1199 2443 1283 2487 SP
1305 2450 1347 2494 4
1370 2450 1396 2486 2
1421 2445 1464 2486 Κ
1486 2444 1595 2486 P'ad
1617 2444 1831 2486 Lincasu

51 2517 53 2519 '
85 2509 89 2514 ’
120 2510 242 2567 hujus
263 2512 482 2563 corollarii,
498 2512 552 2554 'fit
572 2513 616 2555 D
640 2513 670 2555 S
697 2520 740 2563 ÷
767 2514 812 2556 D
836 2512 885 2555 H
906 2513 960 2555 ad
981 2515 1025 2556 D
1048 2514 1098 2556 H
1118 2522 1164 2556 ut
1183 2520 1210 2556 4
1230 2514 1276 2558 D
1300 2514 1330 2556 S
1345 2513 1399 2556 ad
1415 2514 1467 2566 L,
1490 2522 1533 2556 et
1553 2514 1716 2556 divisim
1734 2512 1780 2556 D
1798 2515 1829 2556 S

120 2584 829 2628 adDHut4DS-LadL.

180 2657 308 2698 Corol.
331 2661 370 2697 2.
402 2656 531 2700 Unde
552 2657 586 2698 si
606 2656 728 2698 datur
750 2657 936 2712 corporis
956 2657 1150 2699 velocitas
1170 2658 1214 2698 in
1234 2657 1386 2700 vertice
1401 2649 1619 2712 principali
1634 2656 1693 2707 D,
1714 2657 1828 2699 inve-

122 2727 256 2769 nietur
276 2728 409 2770 orbita
429 2728 636 2784 expedite,
659 2729 862 2784 capiendo
882 2730 1036 2771 scilicet
1054 2730 1160 2772 latus
1181 2737 1341 2771 rectum
1361 2731 1448 2785 ejus
1469 2728 1523 2770 ad
1546 2728 1716 2783 duplam
1744 2729 1828 2771 dis-

122 2800 292 2842 tantiam
311 2802 355 2843 D
379 2803 422 2852 S,
444 2802 488 2843 in
508 2801 716 2856 duplicata
747 2802 905 2844 ratione
934 2802 1159 2844 velocitatis
1187 2802 1310 2857 hujus
1340 2801 1450 2842 datae
1479 2800 1533 2841 ad
1566 2800 1821 2844 velocitatem

121 2872 304 2927 corporis
323 2873 367 2914 in
382 2874 536 2915 circulo
552 2874 606 2917 ad
618 2874 852 2917 distantiam
869 2876 914 2918 D
934 2877 964 2919 S
979 2876 1164 2933 gyrantis
1187 2879 1278 2931 (per
1293 2875 1433 2917 Corol.
1453 2881 1491 2916 3.
1507 2874 1634 2930 Prop.
1652 2874 1821 2928 XVI.);

164 2979 207 3022 (ἢ)
231 2984 303 3012 289.
330 2981 371 3012 In
386 2993 459 3014 casu
473 2984 567 3025 hujus
589 2985 740 3016 corollarii
763 2992 915 3025 punctum
927 2987 957 3018 P
998 2988 1084 3019 omni
1098 2988 1232 3019 sectione
1247 2987 1352 3018 conica
1366 2993 1412 3018 est
1427 2988 1460 3018 D
1477 2988 1524 3025 H,
1540 2987 1581 3019 ad
1596 2988 1630 3019 D
1647 2989 1679 3026 S,
1694 2995 1731 3020 ut
1743 2989 1825 3021 latus

121 3022 204 3052 cadit
220 3023 252 3052 in
269 3023 313 3060 D,
334 3031 488 3063 punctum
505 3027 538 3057 K
553 3027 636 3058 cadit
650 3028 682 3058 in
701 3029 733 3065 S,
756 3029 852 3069 fitque
876 3030 905 3060 P
922 3029 956 3060 K
998 3036 1118 3060 rectum
1147 3030 1187 3061 ad
1214 3030 1418 3062 differentiam
1442 3030 1523 3062 inter
1546 3030 1628 3062 latus
1651 3037 1770 3063 rectum
1792 3038 1825 3064 et

120 3065 743 3114 =Ds=nsP,etPH,=DH.
795 3070 956 3108 Quarein
999 3072 1120 3103 4Ds.

941 3127 1003 3158 13
