2086 3542
251 246 307 283 50
672 238 1120 284 PHILOSOPHIAE
1145 239 1517 289 NATURALIS
1579 238 1725 290 [Mor.
1749 243 1959 288 Coum-om*

306 355 434 397 Corol.
470 358 504 397 1.
538 353 664 398 Unde
684 355 719 397 si
736 370 813 411 per
834 355 871 397 B
891 355 1066 397 ducatur
1084 356 1269 413 tangenti
1285 355 1482 412 parallela
1503 355 1547 397 B·
1561 354 1611 408 F,
1630 364 1787 399 rectam
1806 371 1947 413 quam·

245 425 306 466 vis
337 425 379 467 A
406 413 442 467 F
470 440 546 481 per
577 426 618 467 A
652 433 933 468 transeuntem
958 433 1162 481 perpetuo
1183 454 1185 457 -
1431 435 1480 480 Α
1770 437 1800 481 Ε
1882 444 1941 487 D.

245 509 388 536 secans
408 495 452 536 in
474 495 522 546 F,
553 494 644 537 haec
666 496 704 537 B
726 495 762 537 F
780 495 926 536 ultimo
945 494 999 535 ad
1019 490 1158 537 arcum
1884 518 1888 522 -
1938 523 1955 537 s

243 574 556 608 evanescentem
577 566 619 608 A
642 566 678 608 C
702 566 738 608 B
767 565 970 607 rationem
989 563 1157 607 habebit
1182 442 1935 691 ff

241 636 499 693 aequalitatis,
531 651 582 677 eo
611 635 724 692 quod
744 632 952 690 completo
980 634 1157 690 paralle-
1499 643 1539 685 G
1821 638 1861 680 B

196 718 201 729 ‘
240 703 474 761 logrammo
499 705 541 746 A
564 704 599 746 F
621 704 658 745 B
690 704 733 745 D
760 693 963 744 r‘ationem
993 693 1158 759 semper

244 774 370 817 habet
388 774 630 832 aequalitatis
651 774 704 815 ad
725 774 766 815 A
786 773 844 815 D.

302 847 429 887 Corol.
452 851 491 888 2.
525 846 580 887 Et
614 845 649 886 si
678 859 754 899 per
789 844 827 885 Β
847 851 888 885 et
920 842 961 884 A
995 842 1198 884 ducantur
1226 841 1367 898 plures
1397 851 1521 886 rectae
1542 846 1580 887 B
1602 846 1652 897 E,
1688 847 1799 898 BD,
1831 846 1872 888 A
1894 846 1943 897 F,

242 915 285 956 A
307 915 362 966 G,
395 923 577 957 secantes
608 921 846 971 tangentem
880 913 922 954 A
951 913 996 955 D
1027 921 1069 954 et
1098 913 1225 968 ipsius
1249 913 1495 968 *parallelam
1528 915 1574 957 ΒΔ
1587 916 1639 965 F;
1668 917 1773 958 ratio
1803 917 1947 958 ultima

239 985 512 1028 abscissarum
543 985 727 1027 omnium
748 985 788 1025 A
808 985 866 1035 D,
900 984 942 1026 A
963 984 1013 1035 E,
1038 984 1075 1025 B
1097 984 1144 1035 F,
1169 984 1206 1025 B
1229 984 1284 1035 G,
1307 984 1554 1042 chordaeque
1574 993 1615 1028 et
1634 1001 1752 1028 arcus
1773 987 1814 1029 A
1835 988 1873 1030 B
1892 986 1946 1029 ad

240 1056 416 1097 invicem
436 1057 514 1098 erit
533 1056 637 1097 ratio
657 1054 912 1111 aequalitatis.

299 1128 427 1168 Corot.
459 1132 498 1167 3.
531 1126 587 1167 Et
618 1134 838 1180 propterea
865 1124 933 1165 hae
953 1121 1095 1167 omnes
1114 1125 1248 1176 lineae,
1281 1126 1325 1167 in
1345 1128 1457 1168 omni
1476 1128 1530 1170 de
1548 1128 1773 1171 rationibus
1792 1128 1946 1172 ultimis

240 1197 608 1254 argumentatione,
637 1210 716 1251 pro
736 1210 780 1238 se
799 1195 974 1238 invicem
993 1197 1183 1252 usurpari
1200 1206 1387 1253 possunt.
1803 1187 1811 1192 „

899 1320 1122 1364 LEMMA
1157 1320 1288 1364 VIII.

235 1405 415 1447 Si·rectae
445 1405 551 1446 datae
570 1405 612 1446 A
635 1405 690 1454 R,
725 1405 762 1446 B
785 1405 826 1446 R
845 1418 927 1446 cum
947 1419 1042 1446 arcu
1063 1405 1103 1447 A
1126 1406 1162 1447 C
1184 1405 1239 1456 B,
1274 1404 1419 1446 chorda
1440 1407 1481 1448 A
1503 1406 1541 1448 B
1561 1413 1598 1448 et
1616 1413 1800 1463 tangente
1821 1408 1861 1450 A
1882 1408 1943 1458 D,

295 1476 498 1530 triangula
524 1477 607 1516 tria
641 1476 681 1517 R
703 1476 743 1517 A
766 1475 818 1525 B,
852 1475 893 1517 R
914 1475 955 1517 A
978 1476 1015 1517 C
1037 1476 1090 1526 B,
1118 1476 1170 1517 R
1191 1476 1232 1517 A
1252 1476 1297 1518 D
1331 1478 1575 1526 constituunt,
1606 1479 1697 1518 dein
1708 1476 1858 1531 Puncta
1890 1479 1946 1527 A,

298 1545 335 1587 Β
356 1547 540 1586 accedunt
559 1547 616 1586 ad
644 1546 825 1587 invicem.-
855 1546 942 1586 dico
962 1547 1064 1599 quod
1081 1546 1219 1586 ultima
1231 1546 1373 1599 forma
1388 1547 1671 1601 triangulorum
1690 1548 1947 1589 evanescenti-

297 1631 358 1656 um
379 1623 435 1657 est
454 1613 747 1666 similitudinis,
771 1621 807 1657 et
827 1617 966 1657 ultima
985 1616 1091 1657 ratio
1109 1607 1362 1670 aequalitatis.

298 1738 410 1781 Nam
443 1739 543 1780 dum
576 1746 776 1794 punctum
811 1738 850 1780 B
883 1738 937 1780 ad
966 1746 1167 1793 punctum
1200 1738 1241 1780 A
1271 1739 1440 1790 accedit,
1472 1738 1753 1796 intelligantur
1783 1755 1945 1797 semper

239 1809 282 1852 A
303 1810 354 1860 B,
388 1810 428 1851 A
448 1810 506 1860 D,
544 1809 585 1850 A
622 1810 662 1851 R
682 1809 736 1850 ad
768 1817 921 1864 puncta
939 1809 1165 1866 longinqua
1182 1809 1224 1859 b,
1255 1809 1284 1850 d
1304 1817 1345 1850 et
1363 1824 1386 1850 r
1412 1810 1598 1864 produci,
1634 1811 1792 1867 ipsique
1825 1811 1865 1853 R
1899 1812 1945 1854 D

237 1880 434 1935 parallela
467 1880 535 1937 agi
554 1895 576 1921 r
593 1880 622 1921 b
642 1879 683 1930 d,
715 1887 757 1921 et
789 1880 902 1921 arcui
923 1880 963 1921 A
985 1880 1022 1921 C
1044 1880 1081 1922 B
1102 1873 1436 1935 siinilis'semper
1465 1881 1518 1921 sit
1546 1895 1664 1922 arcus
1686 1881 1725 1922 A
1746 1896 1769 1922 c
1787 1882 1828 1923 b.
1889 1883 1946 1924 Et

238 1950 479 1992 coe'untibus
498 1951 661 2006 punctis
683 1950 739 2000 A,
770 1951 821 2001 B,
853 1951 1026 2008 angulus
1045 1948 1136 1992 b'A
1156 1950 1185 1991 d
1205 1959 1430 2001 evanescet,
1462 1959 1503 1992 et
1521 1960 1741 2006 propterea
1758 1953 1943 2010 triangu-

235 2020 278 2062 la
296 2022 375 2062 tria
395 2036 556 2077 semper
575 2022 693 2063 finita
710 2036 732 2062 r
753 2021 794 2062 A
812 2021 853 2072 b,
875 2037 897 2062 r
917 2022 958 2062 A
977 2036 1000 2062 c
1018 2022 1060 2072 b,
1091 2036 1114 2063 1·
1133 2022 1173 2062 A
1194 2021 1222 2062 d
1242 2022 1485 2073 coincident,
1514 2031 1689 2079 suntque
1709 2039 1759 2065 eo
1778 2025 1944 2068 nomine

236 2092 383 2133 similia
397 2100 439 2134 et
453 2092 637 2148 aequalia.
689 2092 815 2134 Unde
831 2100 872 2133 et
886 2092 998 2134 hisee
1019 2107 1180 2147 semper
1200 2093 1347 2134 similia
1365 2101 1406 2134 et
1424 2094 1747 2149 proportionalia
1768 2095 1808 2136 R
1829 2095 1869 2137 A
1892 2095 1942 2147 B,

239 2162 281 2204 R
303 2162 342 2203 A
365 2163 401 2206 C
423 2163 473 2214 B,
509 2163 549 2204 R
570 2163 611 2203 A
630 2163 674 2204 D
694 2163 796 2204 fient
814 2163 960 2204 ultimo
980 2164 1057 2204 sibi
1076 2164 1250 2205 invicem
1270 2164 1417 2205 similia
1435 2172 1477 2205 et
1495 2165 1679 2220 aequalia.
1731 2165 1785 2215 Q.
1806 2181 1842 2208 e.
1863 2165 1904 2208 d.

298 2233 426 2275 Corol.
459 2233 516 2275 Et
533 2232 631 2273 hinc
649 2233 856 2289 triangula
873 2233 955 2284 illa,
986 2234 1031 2274 in
1060 2234 1173 2274 omni
1192 2234 1244 2276 de
1264 2234 1489 2276 rationibus
1509 2228 1661 2277 ultimis
1681 2246 1941 2295 argumenta-

238 2303 364 2355 tione,
395 2318 473 2359 pro
491 2319 537 2346 se
556 2303 731 2346 invicem
751 2304 941 2360 usurpari
958 2312 1145 2359 possunt.

920 2396 1151 2470 LEMMA
1180 2427 1265 2469 1x.

239 2561 286 2604 Si
303 2567 410 2602 recta
431 2560 472 2602 A
493 2560 532 2603 E
560 2567 599 2602 et
625 2576 743 2603 curva
764 2562 805 2603 A
826 2562 864 2603 B
887 2562 923 2604 C
936 2563 1133 2616 positione
1151 2563 1257 2603 datae
1274 2575 1315 2602 se
1333 2567 1460 2603 mutuo
1479 2567 1603 2603 secent
1623 2563 1666 2603 in
1684 2565 1828 2619 angulo
1844 2565 1941 2606 dato

297 2632 352 2681 A,
381 2639 421 2674 et
453 2633 509 2673 ad
539 2637 681 2674 rectam
712 2633 822 2672 illam
855 2634 898 2673 in
931 2634 1013 2673 alio
1042 2634 1135 2673 dato
1162 2634 1307 2687 angulo
1326 2633 1538 2674 ordinatim
1557 2634 1802 2687 applicentur
1822 2634 1859 2676 B
1878 2635 1959 2687 D,'

301 2702 338 2743 C
360 2702 413 2752 E,
448 2715 574 2743 curvae
602 2707 838 2743 occurrentes
872 2703 913 2742 in
951 2702 1001 2752 B,
1027 2702 1075 2751 C,
1107 2702 1198 2742 dein
1219 2709 1371 2755 puncta
1395 2702 1446 2753 B,
1471 2703 1519 2752 C,
1550 2704 1664 2744 simut
1680 2705 1868 2746 accedant
1885 2706 1944 2747 ad

290 2778 476 2824 punctum
498 2771 556 2813 A:
587 2773 672 2812 dico
706 2773 808 2826 quod
826 2786 931 2812 areae
949 2765 1304 2826 triangulorum'A
1326 2773 1363 2814 B
1384 2773 1441 2824 D,
1474 2772 1515 2814 A
1538 2772 1574 2814 C
1596 2772 1634 2813 E
1655 2779 1773 2828 <erunt
1805 2775 1940 2816 ultimo

300 2842 356 2880 ad
374 2842 533 2882 invicem
553 2842 596 2882 in
615 2840 817 2895 duplicata
836 2843 991 2884 ratione
1009 2843 1186 2885 lateram.

299 2949 465 2991 Etenim
492 2950 593 2993 dum
621 2958 774 3007 puncta
795 2951 844 3002 B,
870 2951 907 2993 C
926 2950 1125 2992 accedunt
1143 2950 1205 3018 ad
1215 2959 1414 3006 punctum
1434 2951 1488 3003 A,
1509 2950 1760 3009 intelligatur
1779 2969 1940 3010 semper

242 3018 282 3063 A
314 3018 358 3060 D
378 3019 550 3074 produci
578 3021 634 3063 ad
663 3029 817 3079 puncta
848 3021 1073 3079 longinqua
1091 3021 1131 3081 ‘d
1151 3030 1192 3063 et
1210 3036 1246 3072 e,
1278 3029 1324 3063 ut
1354 3021 1436 3064 sint
1456 3022 1495 3064 A
1515 3022 1556 3074 d,
1589 3023 1627 3064 A
1650 3038 1673 3065 e
1696 3023 1795 3080 ipsis
1815 3024 1856 3066 A
1876 3024 1933 3068 D,
