2086 3542
108 281 258 324 Lmn
279 280 496 332 Parmos]
585 278 903 322 PRINCIPIA
933 277 1424 322 MATHEMATICA.
1716 285 1797 322 393

394 517 771 560 PROPOSITIO
801 517 901 559 XC.
962 514 1306 560 PROBLEMA
1336 514 1499 557 XLIV.

106 663 152 706 Si
170 663 228 704 ad
239 661 396 716 singula
415 660 553 702 circuli
570 659 819 714 cujuscunque
822 663 972 712 puncta
986 657 1149 698 tendant
1164 656 1265 697 vires
1276 655 1443 710 (equales
1455 657 1688 710 cmtrw'gzetae,
1702 671 1802 699 cres·-

162 739 285 774 centes
303 733 363 773 vel
382 733 632 772 decrescentes
659 730 704 770 in
737 727 959 783 qudo-unque
988 727 1267 767 distantiarum
1297 726 1477 767 ratione.-
1507 726 1680 767 invenire
1710 728 1800 777 vim,

160 802 238 858 quii
256 803 512 856 corpusculum
532 801 752 842 attrahitur
769 800 893 840 ubivis
904 799 1076 851 positum
1106 797 1151 838 in
1180 795 1304 848 recta,
1324 810 1411 851 quoe
1427 798 1554 850 plano
1582 798 1719 839 circuli
1748 801 1803 839 ad

160 881 327 916 centrum
347 873 426 927 ejus
436 872 818 926 perpendiculariter
837 870 996 912 insistit.

164 1016 320 1058 centro
341 1016 381 1057 A
401 1012 614 1055 intervallo
634 1011 775 1068 quovis
796 1008 836 1052 A
857 1011 916 1060 D,
933 1010 978 1050 in
996 1008 1136 1064 plant),
1159 1007 1227 1050 cui
1245 1014 1356 1049 recta
1375 1008 1417 1050 A
1438 1008 1475 1050 P
1493 1007 1804 1063 perpendicula-

106 1087 162 1128 ris
181 1095 256 1137 est,
278 1085 454 1128 describi
473 1083 724 1139 intelligatur
743 1081 919 1123 circulus
935 1096 947 1130 3
978 1087 1020 1121 et
1037 1078 1284 1121 invenienda
1302 1079 1355 1120 sit
1372 1078 1445 1131 vis,
1475 1079 1556 1135 qua
1585 1093 1805 1134 corpuscu-

105 1159 193 1200 lum
212 1159 384 1214 quodvis
405 1158 442 1199 P
460 1156 504 1197 in
533 1155 710 1197 eundem
739 1162 863 1217 attra-

106 1230 232 1272 hitur.
293 1231 334 1272 A
358 1229 499 1271 circuli
532 1235 686 1284 puncto
719 1226 862 1283 quovis

109 1302 147 1343 E
167 1302 221 1343 ad
250 1301 540 1356 corpusculum
573 1307 791 1342 attractum
826 1298 864 1340 P

107 1380 252 1429 agatur
270 1380 383 1414 recta
403 1371 440 1413 P
461 1371 512 1412 E.
573 1370 625 1412 In
644 1369 755 1411 recta
772 1369 808 1411 P
821 1370 863 1411 A

107 1444 293 1500 capiatur
314 1444 353 1486 P
367 1444 403 1486 F
421 1443 499 1498 ipsi
520 1443 556 1485 P
573 1443 611 1484 E
625 1442 806 1498 aequaIiS,
822 1449 864 1483 et

107 1517 291 1574 erigatur
318 1515 515 1558 normalis
538 1516 573 1557 F
594 1515 650 1566 K,
686 1529 780 1571 quae
811 1514 864 1556 sit

106 1596 154 1630 ut
172 1589 232 1630 vis
253 1587 334 1644 qua
351 1595 551 1643 punctum
572 1587 611 1628 E
629 1585 754 1629 trahit
773 1599 863 1626 cor-

105 1659 324 1716 pusculum
345 1659 394 1701 P.
455 1659 598 1714 Sitque
617 1657 638 1698 1
657 1658 700 1699 Κ
715 1657 754 1699 L
769 1671 862 1698 cur-

105 1745 158 1771 va
175 1730 284 1772 linea
301 1744 426 1785 quam
445 1737 646 1784 punctum
662 1728 706 1770 K
716 1742 861 1783 perpe·
1480 1719 1512 1763 f
1540 1719 1574 1758 Γ
1686 1713 1731 1754 Η

106 1799 179 1842 tub
197 1800 343 1857 tangit.
404 1799 607 1842 Occurrat
626 1798 771 1841 eadem
785 1798 864 1843 cir·
943 1795 981 1837 P

107 1871 188 1912 culi
206 1871 332 1926 plano
361 1871 405 1911 in
426 1870 476 1912 L.
537 1870 589 1911 In
610 1869 647 1911 Ρ
666 1870 708 1911 A
728 1870 863 1924 capia-
1499 1860 1505 1893 ³
1598 1855 1749 1930 «ἰ

107 1950 177 1984 tur
199 1942 234 1982 P
255 1942 304 1982 H
323 1941 492 1996 aequalis
517 1941 553 1981 P
573 1936 646 1991 D,'
662 1948 703 1982 et
731 1942 863 1998 eriga-
1353 1962 1391 2004 L
1414 1920 1576 2005 aejka

108 2016 176 2053 tui·
203 2012 547 2067 perpendicnlum
585 2012 634 2053 H
665 2012 686 2053 I
726 2027 863 2053 curvae

108 2082 319 2138 praedictae
340 2096 560 2124 occurrens
580 2081 624 2122 in
644 2081 693 2128 I;
723 2090 766 2124 et
796 2083 874 2124 erit
905 2084 1140 2140 corpusculi
1172 2084 1208 2126 P
1241 2085 1430 2127 attractio
1460 2082 1504 2124 in
1537 2083 1737 2125 circulum
1766 2091 1812 2124 ut

111 2169 208 2195 area
229 2154 265 2195 A
292 2153 340 2194 H
362 2153 384 2193 Ι
405 2153 443 2194 L
464 2152 588 2194 ducta
606 2152 650 2193 in
669 2152 927 2195 altitudinem
948 2155 990 2196 A
1012 2155 1061 2197 P.
1098 2154 1178 2204 ⁴Q.
1200 2170 1236 2196 e.
1256 2155 1281 2195 i.

170 2223 337 2266 Etenim
357 2223 400 2264 in
421 2223 462 2265 A
484 2222 523 2264 E
544 2223 729 2278 capiatur
747 2223 857 2266 linea
876 2240 999 2280 quam
1017 2225 1188 2267 minima
1208 2226 1247 2267 E
1266 2241 1302 2268 e.
1361 2212 1567 2282 jungatur
1592 2225 1628 2267 P
1648 2241 1672 2267 e
1701 2234 1742 2267 et
1770 2226 1812 2266 in

114 2295 151 2336 P
174 2296 223 2354 E,
248 2294 283 2335 P
304 2295 344 2335 A
365 2294 580 2348 capiantur
611 2294 647 2335 P
670 2294 720 2345 C,
743 2294 780 2336 P
799 2294 823 2335 f
843 2295 922 2350 ipsi
943 2297 980 2338 P
999 2311 1023 2338 e
1056 2297 1247 2353 aequales.
1305 2297 1362 2338 Et
1396 2297 1589 2353 quoniam
1622 2297 1696 2347 vis,
1732 2295 1814 2353 qua

113 2363 254 2406 annuli
274 2372 417 2405 centro
437 2364 478 2404 A
497 2363 713 2405 intervallo
727 2365 768 2406 A
785 2365 823 2406 E
842 2365 887 2406 in
905 2366 1031 2421 plano
1045 2367 1246 2422 praedicto
1260 2367 1454 2421 descripti
1468 2375 1667 2422 punctum
1683 2366 1815 2422 quod-

112 2437 173 2478 vis
196 2436 234 2478 E
254 2436 380 2478 trahit
400 2436 454 2477 ad
473 2434 688 2491 secorpus
711 2437 760 2487 P,
782 2438 950 2492 ponitur
970 2454 1056 2480 esse
1074 2447 1122 2480 ut
1143 2440 1179 2481 F
1200 2440 1256 2490 K,
1279 2448 1319 2481 et
1338 2439 1434 2481 inde
1448 2439 1509 2480 vis
1522 2438 1601 2495 qua
1616 2447 1816 2494 punctum

1077 2506 1353 2552 APxFK

116 2547 221 2590 illud
240 2548 366 2590 trahit
386 2563 535 2604 corpus
557 2550 594 2591 P
612 2564 752 2591 versus
776 2551 828 2602 A,
861 2550 908 2606 (¹)
926 2558 988 2593 est
1006 2559 1054 2592 ut
1171 2577 1208 2618 P
1229 2577 1268 2618 E
1352 2558 1447 2603 ,et
1435 2551 1521 2602 vis,
1538 2550 1619 2608 qua
1640 2550 1815 2593 annulus

117 2694 228 2731 totus
258 2687 385 2729 trahit
415 2701 564 2742 corpus
586 2687 623 2730 P
641 2703 782 2730 versus
804 2690 859 2740 A,
891 2697 938 2731 ut
968 2689 1142 2731 annulus
1174 2695 1216 2730 et
1242 2648 1282 2688 A
1306 2648 1466 2756 PPXEF
1487 2649 1530 2690 K
1545 2691 1814 2745 conjunctim3

121 2783 185 2839 (m)
205 2783 380 2825 annulus
400 2791 539 2825 autem
557 2784 635 2826 iste
655 2791 718 2826 est
745 2792 793 2827 ut
822 2786 1105 2843 rectangulum
1139 2785 1216 2826 sub
1246 2784 1363 2826 radio
1398 2785 1437 2826 A
1461 2785 1499 2826 E
1532 2793 1574 2827 et
1603 2786 1816 2828 latitudine

166 2951 877 3021 (qunmAPXFKWLegCOE
876 2984 928 3012 2
1038 2954 1134 2996 (“)*
1157 2956 1304 2986 Anusnul
1328 2957 1518 2991 matt-miste,
1543 2956 1598 2987 &a
1656 2956 1818 2987 Naman-

477 3004 554 3034 PE
995 2997 1819 3038 nmmEZXaaequalisaetdiffetentiae
