2086 3542
297 261 380 299 392
686 258 1136 304 PHILOSOPHIAE
1168 261 1528 310 NATURALIS
1619 269 1767 321 [Mor.
1788 271 1984 318 Canon.

295 369 376 411 hoc
395 378 470 422 est,
491 371 581 417 vim„
593 371 767 414 eandem
785 387 835 415 ac
853 374 888 416 si
905 375 1118 429 particulae
1137 378 1358 420 attractivae
1379 380 1419 422 A
1439 390 1481 423 et
1500 382 1541 424 B
1558 383 1826 428 consisterent
1852 386 1904 434 inv
1915 402 1985 430 eo·

293 455 388 482 rum
407 442 617 483 communi
635 443 846 500 gravitatis
863 453 1006 487 centro
1027 446 1085 496 G,
1103 446 1274 503 globum
1293 449 1350 490 ibi
1370 461 1674 506 componentes.

352 512 514 555 Eodem
544 522 806 571 argumento,
840 515 876 557 si
909 515 1055 572 adjun-

292 591 414 640 gatur
433 584 633 639 particula
650 586 769 628 tertia
790 586 839 637 C,
871 593 912 628 et
937 601 1049 628 com-
1513 574 1558 620 R

292 661 470 709 ponatur
489 654 610 711 hujus
629 655 690 697 vis
710 670 804 697 cum
823 657 864 697 vi
881 658 921 698 A
944 664 986 707 -Ι-
1010 658 1047 699 Β
1102 678 1202 718 &QZ
1203 697 1404 719 ··················

305 734 338 768 Χ
367 726 410 768 G
431 726 466 767 Z
484 727 678 769 tendente
696 728 749 769 ad
769 735 956 782 centrum
977 728 1047 778 G?
1096 718 1125 753 Z
1162 715 1406 795 ····.·.·.'·.':';}j:::.·2.‘”···--
1408 714 1616 737 ””””””””””””””””

291 798 350 839 vis
363 797 466 841 inde
485 798 659 840 oriunda
684 798 824 840 tendet
853 799 906 840 ad
935 813 1048 840 com·
1510 820 1613 860 ...........

290 884 415 911 mune
436 874 622 911 centrum
640 870 850 926 gravitatis
864 870 978 927 globi
997 872 1046 912 il-
1349 861 1367 877 ²

290 938 367 980 lius
397 939 441 980 in
475 939 519 982 G
552 947 594 981 et
626 940 839 994 particulae
875 942 936 991 <33
966 941 1047 984 hoc
1113 964 1116 967 ·

290 1017 364 1061 est,
396 1009 450 1051 ad
469 1024 687 1053 commune
706 1019 893 1054 centrum
911 1014 1047 1070 gravi-

289 1081 382 1123 tatis
417 1081 541 1123 trium
574 1082 868 1137 particularum
901 1084 955 1135 A,
993 1085 1044 1135 Β,

291 1151 327 1193 C
339 1168 350 1202 3
381 1159 423 1193 et
442 1152 586 1193 eadem
606 1153 698 1204 erit,
721 1168 769 1195 ac
790 1154 824 1195 si
838 1153 985 1211 globus
1006 1163 1048 1197 et
1431 1185 1479 1228 V
1930 1192 1968 1237 Τ

287 1223 487 1278 particula
504 1224 539 1266 C
556 1225 823 1267 consisterent
842 1226 885 1267 in
906 1235 1047 1268 centro

288 1296 361 1336 illo
381 1297 603 1347 communi,
624 1296 796 1353 globum
815 1299 1010 1354 majorem
1031 1298 1090 1339 ibi
1109 1302 1412 1352 componentes.
1472 1295 1529 1337 Et
1547 1295 1604 1337 sic
1622 1296 1807 1354 pergitur
1825 1297 1869 1338 in
1896 1297 1989 1338 infi-

287 1367 431 1408 nitum.
492 1367 652 1409 Eadem
678 1375 740 1409 est
758 1368 884 1425 igitur
904 1370 964 1410 vis
985 1377 1072 1411 tota
1102 1355 1397 1424 particularum
1430 1367 1613 1408 omnium
1646 1369 1830 1423 corporis
1860 1370 1998 1424 cujus..

288 1455 449 1496 cunque
472 1440 513 1482 R
535 1441 565 1482 S
586 1440 628 1482 T
648 1440 700 1491 V,
723 1455 771 1482 ac
791 1441 826 1482 si
846 1455 995 1496 corpus
1014 1440 1131 1492 illud,
1153 1448 1314 1482 servato
1333 1439 1544 1496 gravitatis
1564 1446 1720 1491 centro,
1750 1439 1794 1495 (¹)
1814 1438 1991 1497 figuram

288 1510 404 1567 globi
422 1510 625 1562 indueret.
687 1511 743 1560 Q.
764 1526 800 1553 e.
820 1511 861 1552 d.

351 1584 478 1625 Corol.
510 1583 627 1626 Hinc
646 1591 783 1625 motus
804 1583 987 1639 corporis
1007 1583 1168 1626 attracti
1192 1583 1225 1625 Z
1245 1582 1356 1624 idem
1374 1582 1465 1633 erit,
1495 1596 1544 1624 ac
1563 1582 1598 1624 si
1618 1595 1766 1637 corpus
1784 1580 1992 1631 attrahens

293 1653 333 1694 R
357 1653 387 1695 S
409 1653 450 1694 T
471 1653 511 1694 V
530 1661 638 1695 esset
669 1652 916 1708 sphaericum
932 1670 943 1695 ε
975 1662 1016 1696 et
1048 1662 1268 1709 propterea
1301 1653 1336 1694 si
1370 1665 1520 1707 corpus
1553 1651 1657 1693 illud
1690 1651 1898 1694 attrahens
1927 1651 1994 1696 vel

288 1723 480 1778 quiescat,
502 1723 567 1765 vel
587 1723 877 1780 progrediatur
895 1723 1154 1766 uniformiter
1185 1724 1229 1764 in
1249 1722 1478 1772 directum3
1508 1736 1658 1777 corpus
1691 1729 1908 1764 attracmm
1939 1720 1994 1777 (¹⁵)

288 1793 520 1835 movebitur
539 1793 582 1834 in
603 1794 736 1848 ellipsi
758 1801 944 1836 centrum
964 1793 1141 1835 habente
1161 1793 1204 1834 in
1224 1792 1465 1835 attrahentis
1485 1799 1629 1834 centro
1644 1792 1867 1848 gravitatis.

1498 892 1515 904 's

1517 903 1575 938 ηδ...

1578 936 1594 949 ἰ

496 1976 879 2020 PROPOSITIO
909 1977 1179 2020 LXXXIX.
1239 1976 1598 2027 THEOREMA
1628 1976 1794 2020 XLVI.

286 2091 333 2132 Si
349 2105 514 2144 corpora
533 2092 614 2132 sint
624 2092 749 2145 plura
768 2105 817 2132 ex
827 2092 1040 2145 particulis
1059 2091 1271 2147 aequalibus
1290 2091 1522 2142 constantia,
1544 2105 1705 2146 quarum
1724 2092 1826 2133 vires
1842 2099 1931 2134 sunt
1948 2099 1992 2134 ut

342 2162 544 2202 distantiae
561 2163 726 2203 locorum
745 2176 773 2202 a
791 2163 954 2217 singulis
969 2178 983 2203 :
1013 2164 1071 2204 vis
1090 2177 1138 2204 ex
1157 2164 1323 2203 omnium
1343 2163 1489 2204 viribus
1507 2163 1727 2217 composita,
1744 2162 1821 2218 qud
1835 2176 1991 2218 eorpus-

341 2236 463 2287 eulum
484 2237 732 2291 quodcunque
750 2238 938 2288 trahitur,
959 2239 1090 2279 tendet
1107 2238 1164 2278 ad
1181 2237 1416 2279 trahentium
1430 2251 1620 2279 commune
1633 2244 1800 2280 centrum
1809 2242 1990 2295 gravita-

342 2307 396 2346 tis
411 2328 426 2353 ,·
459 2313 498 2348 et
516 2308 648 2349 eadem
668 2309 756 2359 erit,
777 2323 826 2349 ac
842 2310 879 2350 si
896 2310 1096 2351 trahentia
1117 2311 1206 2360 illa,
1227 2315 1377 2351 servato
1391 2311 1605 2365 gravitatis
1631 2317 1762 2353 centro
1789 2313 1987 2364 communi,

342 2378 490 2419 coirent
507 2384 546 2420 et
565 2380 608 2420 in
622 2379 778 2434 globum
791 2380 1080 2435 formarentur.

342 2491 668 2533 Demonstratur
688 2491 835 2534 eodem
855 2492 994 2544 modo,
1016 2500 1141 2549 atque
1162 2494 1397 2549 Propositio
1417 2495 1615 2550 superior.

345 2561 473 2602 Corol.
505 2562 620 2619 Ergo
635 2569 772 2604 motus
792 2563 976 2618 corporis
997 2564 1158 2605 attracti
1177 2564 1288 2606 idem
1307 2564 1396 2615 erit,
1428 2579 1476 2606 ac
1505 2565 1538 2606 si
1567 2578 1740 2620 corpora
1769 2563 1987 2618 trahentia,

285 2641 447 2674 servato
477 2634 686 2675 communi
713 2635 925 2691 gravitatis
960 2643 1120 2686 centro,
1158 2636 1315 2678 coirent
1347 2644 1389 2678 et
1421 2637 1465 2678 in
1497 2637 1668 2694 globum
1701 2636 1989 2683 fonnarentur.

286 2703 469 2759 Ideoque
490 2704 523 2744 si
543 2718 764 2760 corporum
785 2705 1036 2747 trahentium
1057 2720 1275 2748 commune
1293 2707 1502 2764 gravitatis
1523 2714 1708 2748 centrum
1720 2707 1783 2748 vel
1800 2695 1985 2763 quiescit,

284 2775 350 2816 vel
369 2774 635 2832 progreditur
654 2775 913 2818 uniformiter
931 2777 975 2817 in
993 2776 1100 2818 line&
1121 2776 1258 2827 recta3
1289 2791 1437 2831 corpus
1457 2783 1671 2818 attractum
1690 2777 1919 2820 movebitur
1940 2777 1984 2818 in

286 2845 432 2900 ellipsi,
455 2852 642 2887 centrum
662 2845 843 2888 habente
863 2847 907 2888 in
928 2847 1136 2889 communi
1156 2847 1226 2903 illo
1246 2846 1495 2889 trahentium
1514 2854 1655 2888 centro
1673 2847 1895 2903 gravitatis.

328 2985 368 3028 (ἰ)
392 2988 409 3006 ¹⁸
435 2988 589 3026 Figuram
617 2988 696 3027 globi
724 2989 872 3028 induere!-
922 2986 982 3018 Per
1017 2986 1110 3026 Prop.
1199 2985 1248 3027 (¹²)
1272 2987 1288 3004 0
1314 2986 1482 3017 Mooebt'tur
1509 2986 1544 3015 iri
1571 2986 1674 3024 ellipsi,
1705 2984 1761 3015 &c-
1823 2984 1884 3015 Per
1911 2984 1981 3017 Cor.

286 3031 325 3059 77
1167 3026 1258 3067 Prop.
1274 3031 1324 3058 78.
1341 3033 1371 3057 et
1385 3037 1439 3066 per
1456 3027 1526 3058 Cor.
1544 3030 1570 3057 1.
1585 3027 1676 3065 Prop.
1699 3029 1747 3057 10.
