<?xml version="1.0" encoding="UTF-8"?>
<!DOCTYPE html PUBLIC "-//W3C//DTD XHTML 1.0 Transitional//EN"
    "http://www.w3.org/TR/xhtml1/DTD/xhtml1-transitional.dtd">
<html xmlns="http://www.w3.org/1999/xhtml" xml:lang="en" lang="en">
 <head>
  <title>
</title>
<meta http-equiv="Content-Type" content="text/html;charset=utf-8" />
  <meta name='ocr-system' content='tesseract 3.04.00' />
  <meta name='ocr-capabilities' content='ocr_page ocr_carea ocr_par ocr_line ocrx_word'/>
</head>
<body>
  <div class='ocr_page' id='page_1' title='image "./philosophiaenatu01newtuoft_0089.png"; bbox 0 0 2086 3542; ppageno 0'>
   <div class='ocr_carea' id='block_1_1' title="bbox 174 260 1890 320">
    <p class='ocr_par' dir='ltr' id='par_1_1' title="bbox 174 260 1890 320">
     <span class='ocr_line' id='line_1_1' title="bbox 174 260 1890 320; baseline -0.004 -9"><span class='ocrx_word' id='word_1_1' title='bbox 174 266 324 311; x_wconf 67' lang='lat' dir='ltr'><strong>Lmen</strong></span> <span class='ocrx_word' id='word_1_2' title='bbox 353 266 574 320; x_wconf 50' lang='lat' dir='ltr'><strong>Peuma]</strong></span> <span class='ocrx_word' id='word_1_3' title='bbox 636 263 961 309; x_wconf 88' lang='lat' dir='ltr'>PRINCIPIA</span> <span class='ocrx_word' id='word_1_4' title='bbox 992 260 1492 311; x_wconf 80' lang='lat' dir='ltr'>MATHEMATICA.</span> <span class='ocrx_word' id='word_1_5' title='bbox 1835 267 1890 305; x_wconf 76' lang='lat'><strong>58</strong></span> 
     </span>
    </p>
   </div>
   <div class='ocr_carea' id='block_1_2' title="bbox 169 371 1891 724">
    <p class='ocr_par' dir='ltr' id='par_1_2' title="bbox 169 371 1891 724">
     <span class='ocr_line' id='line_1_2' title="bbox 172 371 1890 437; baseline -0.002 -18"><span class='ocrx_word' id='word_1_6' title='bbox 172 385 250 432; x_wconf 82' lang='lat' dir='ltr'><strong>est,</strong></span> <span class='ocrx_word' id='word_1_7' title='bbox 271 373 388 437; x_wconf 68' lang='lat' dir='ltr'><strong>qnod</strong></span> <span class='ocrx_word' id='word_1_8' title='bbox 405 377 522 434; x_wconf 89' lang='lat' dir='ltr'><strong>prior</strong></span> <span class='ocrx_word' id='word_1_9' title='bbox 541 382 718 434; x_wconf 83' lang='lat' dir='ltr'><strong>augetur</strong></span> <span class='ocrx_word' id='word_1_10' title='bbox 735 374 802 417; x_wconf 86' lang='lat' dir='ltr'><strong>vel</strong></span> <span class='ocrx_word' id='word_1_11' title='bbox 821 373 1066 416; x_wconf 87' lang='lat' dir='ltr'><strong>diminuitur</strong></span> <span class='ocrx_word' id='word_1_12' title='bbox 1084 372 1129 414; x_wconf 89' lang='lat' dir='ltr'><strong>in</strong></span> <span class='ocrx_word' id='word_1_13' title='bbox 1159 371 1305 415; x_wconf 61' lang='lat' dir='ltr'><strong>eadem</strong></span> <span class='ocrx_word' id='word_1_14' title='bbox 1333 371 1494 422; x_wconf 84' lang='lat' dir='ltr'><strong>ratione</strong></span> <span class='ocrx_word' id='word_1_15' title='bbox 1522 386 1616 414; x_wconf 90' lang='lat' dir='ltr'><strong>cum</strong></span> <span class='ocrx_word' id='word_1_16' title='bbox 1645 373 1890 428; x_wconf 79' lang='lat' dir='ltr'><strong>posteriore,</strong></span> 
     </span>
     <span class='ocr_line' id='line_1_3' title="bbox 173 430 1891 506; baseline -0.004 -11"><span class='ocrx_word' id='word_1_17' title='bbox 173 452 239 495; x_wconf 83' lang='lat' dir='ltr'><strong>vel</strong></span> <span class='ocrx_word' id='word_1_18' title='bbox 251 466 354 494; x_wconf 22' lang='lat' dir='ltr'><strong>*cum</strong></span> <span class='ocrx_word' id='word_1_19' title='bbox 373 450 462 506; x_wconf 85' lang='lat' dir='ltr'><strong>ejus</strong></span> <span class='ocrx_word' id='word_1_20' title='bbox 482 447 709 504; x_wconf 60' lang='lat' dir='ltr'><strong>reciproca.</strong></span> <span class='ocrx_word' id='word_1_21' title='bbox 770 445 829 488; x_wconf 92' lang='lat' dir='ltr'><strong>Et</strong></span> <span class='ocrx_word' id='word_1_22' title='bbox 848 446 884 488; x_wconf 92' lang='lat' dir='ltr'><strong>si</strong></span> <span class='ocrx_word' id='word_1_23' title='bbox 899 460 1042 488; x_wconf 89' lang='lat' dir='ltr'><strong>earum</strong></span> <span class='ocrx_word' id='word_1_24' title='bbox 1062 445 1201 502; x_wconf 84' lang='lat' dir='ltr'><strong>aliqua</strong></span> <span class='ocrx_word' id='word_1_25' title='bbox 1219 444 1382 486; x_wconf 85' lang='lat' dir='ltr'><strong>dicatur</strong></span> <span class='ocrx_word' id='word_1_26' title='bbox 1401 458 1492 486; x_wconf 89' lang='lat' dir='ltr'><strong>esse</strong></span> <span class='ocrx_word' id='word_1_27' title='bbox 1513 451 1560 486; x_wconf 94' lang='lat' dir='ltr'><strong>ut</strong></span> <span class='ocrx_word' id='word_1_28' title='bbox 1578 450 1676 491; x_wconf 85' lang='lat' dir='ltr'><strong>sunt</strong></span> <span class='ocrx_word' id='word_1_29' title='bbox 1688 444 1781 486; x_wconf 81' lang='lat' dir='ltr'><strong>aliae</strong></span> <span class='ocrx_word' id='word_1_30' title='bbox 1795 430 1891 497; x_wconf 57' lang='lat' dir='ltr'><strong>duee</strong></span> 
     </span>
     <span class='ocr_line' id='line_1_4' title="bbox 173 501 1891 579; baseline -0.005 -12"><span class='ocrx_word' id='word_1_31' title='bbox 173 525 240 568; x_wconf 88' lang='lat' dir='ltr'><strong>vel</strong></span> <span class='ocrx_word' id='word_1_32' title='bbox 258 524 397 579; x_wconf 88' lang='lat' dir='ltr'><strong>plures</strong></span> <span class='ocrx_word' id='word_1_33' title='bbox 418 519 574 563; x_wconf 70' lang='lat' dir='ltr'><strong>directe</strong></span> <span class='ocrx_word' id='word_1_34' title='bbox 594 527 665 562; x_wconf 85' lang='lat' dir='ltr'><strong>aut</strong></span> <span class='ocrx_word' id='word_1_35' title='bbox 685 516 870 560; x_wconf 76' lang='lat' dir='ltr'><strong>inverse:</strong></span> <span class='ocrx_word' id='word_1_36' title='bbox 902 501 1047 559; x_wconf 70' lang='lat' dir='ltr'><strong>s&#39;ensus</strong></span> <span class='ocrx_word' id='word_1_37' title='bbox 1069 524 1144 568; x_wconf 90' lang='lat' dir='ltr'><strong>est,</strong></span> <span class='ocrx_word' id='word_1_38' title='bbox 1167 516 1281 572; x_wconf 93' lang='lat' dir='ltr'><strong>quod</strong></span> <span class='ocrx_word' id='word_1_39' title='bbox 1309 516 1445 572; x_wconf 87' lang='lat' dir='ltr'><strong>prima</strong></span> <span class='ocrx_word' id='word_1_40' title='bbox 1473 522 1650 573; x_wconf 84' lang='lat' dir='ltr'><strong>augetur</strong></span> <span class='ocrx_word' id='word_1_41' title='bbox 1677 516 1743 557; x_wconf 89' lang='lat' dir='ltr'><strong>vel</strong></span> <span class='ocrx_word' id='word_1_42' title='bbox 1769 515 1891 560; x_wconf 87' lang='lat' dir='ltr'><strong>dimi-</strong></span> 
     </span>
     <span class='ocr_line' id='line_1_5' title="bbox 170 588 1891 649; baseline -0.004 -11"><span class='ocrx_word' id='word_1_43' title='bbox 170 597 312 638; x_wconf 86' lang='lat' dir='ltr'><strong>nuitur</strong></span> <span class='ocrx_word' id='word_1_44' title='bbox 330 595 375 636; x_wconf 95' lang='lat' dir='ltr'><strong>in</strong></span> <span class='ocrx_word' id='word_1_45' title='bbox 394 594 555 636; x_wconf 85' lang='lat' dir='ltr'><strong>ratione</strong></span> <span class='ocrx_word' id='word_1_46' title='bbox 574 607 669 649; x_wconf 89' lang='lat' dir='ltr'><strong>quae</strong></span> <span class='ocrx_word' id='word_1_47' title='bbox 689 590 953 646; x_wconf 88' lang='lat' dir='ltr'><strong>componitur</strong></span> <span class='ocrx_word' id='word_1_48' title='bbox 972 605 1026 634; x_wconf 84' lang='lat' dir='ltr'><strong>ex</strong></span> <span class='ocrx_word' id='word_1_49' title='bbox 1046 589 1275 632; x_wconf 82' lang='lat' dir='ltr'><strong>rationibus</strong></span> <span class='ocrx_word' id='word_1_50' title='bbox 1294 589 1339 630; x_wconf 89' lang='lat' dir='ltr'><strong>in</strong></span> <span class='ocrx_word' id='word_1_51' title='bbox 1359 589 1509 646; x_wconf 89' lang='lat' dir='ltr'><strong>quibus</strong></span> <span class='ocrx_word' id='word_1_52' title='bbox 1529 588 1622 631; x_wconf 83' lang='lat' dir='ltr'><strong>aliae</strong></span> <span class='ocrx_word' id='word_1_53' title='bbox 1636 588 1702 631; x_wconf 87' lang='lat' dir='ltr'><strong>vel</strong></span> <span class='ocrx_word' id='word_1_54' title='bbox 1717 588 1891 631; x_wconf 88' lang='lat' dir='ltr'><strong>aliarum</strong></span> 
     </span>
     <span class='ocr_line' id='line_1_6' title="bbox 169 660 1891 724; baseline -0.004 -14"><span class='ocrx_word' id='word_1_55' title='bbox 169 668 394 724; x_wconf 86' lang='lat' dir='ltr'><strong>reciprocae</strong></span> <span class='ocrx_word' id='word_1_56' title='bbox 413 673 618 723; x_wconf 87' lang='lat' dir='ltr'><strong>augentur</strong></span> <span class='ocrx_word' id='word_1_57' title='bbox 636 663 710 712; x_wconf 36' lang='lat' dir='ltr'><strong>vel*</strong></span> <span class='ocrx_word' id='word_1_58' title='bbox 723 664 1023 707; x_wconf 87' lang='lat' dir='ltr'><strong>diminuuntur.</strong></span> <span class='ocrx_word' id='word_1_59' title='bbox 1085 663 1148 705; x_wconf 94' lang='lat' dir='ltr'><strong>Ut</strong></span> <span class='ocrx_word' id='word_1_60' title='bbox 1167 662 1203 704; x_wconf 93' lang='lat' dir='ltr'><strong>si</strong></span> <span class='ocrx_word' id='word_1_61' title='bbox 1225 663 1267 704; x_wconf 95' lang='lat' dir='ltr'>A</span> <span class='ocrx_word' id='word_1_62' title='bbox 1287 662 1450 705; x_wconf 87' lang='lat' dir='ltr'><strong>dicatur</strong></span> <span class='ocrx_word' id='word_1_63' title='bbox 1477 677 1569 705; x_wconf 89' lang='lat' dir='ltr'><strong>esse</strong></span> <span class='ocrx_word' id='word_1_64' title='bbox 1598 669 1644 704; x_wconf 93' lang='lat' dir='ltr'><strong>ut</strong></span> <span class='ocrx_word' id='word_1_65' title='bbox 1676 662 1714 704; x_wconf 94' lang='lat' dir='ltr'><strong>B</strong></span> <span class='ocrx_word' id='word_1_66' title='bbox 1734 660 1891 703; x_wconf 75' lang='lat' dir='ltr'><strong>directe</strong></span> 
     </span>
    </p>
   </div>
   <div class='ocr_carea' id='block_1_3' title="bbox 169 735 1890 793">
    <p class='ocr_par' dir='ltr' id='par_1_3' title="bbox 169 735 1890 793">
     <span class='ocr_line' id='line_1_7' title="bbox 169 735 1890 793; baseline -0.005 -10"><span class='ocrx_word' id='word_1_67' title='bbox 169 749 211 783; x_wconf 90' lang='lat' dir='ltr'><strong>et</strong></span> <span class='ocrx_word' id='word_1_68' title='bbox 232 741 269 782; x_wconf 91' lang='lat' dir='ltr'>C</span> <span class='ocrx_word' id='word_1_69' title='bbox 289 737 444 781; x_wconf 76' lang='lat' dir='ltr'><strong>directe</strong></span> <span class='ocrx_word' id='word_1_70' title='bbox 465 746 507 780; x_wconf 83' lang='lat' dir='ltr'><strong>et</strong></span> <span class='ocrx_word' id='word_1_71' title='bbox 526 738 572 780; x_wconf 94' lang='lat' dir='ltr'><strong>D</strong></span> <span class='ocrx_word' id='word_1_72' title='bbox 591 735 780 779; x_wconf 75' lang='lat' dir='ltr'><strong>inverse:</strong></span> <span class='ocrx_word' id='word_1_73' title='bbox 812 749 957 779; x_wconf 89' lang='lat' dir='ltr'><strong>sensus</strong></span> <span class='ocrx_word' id='word_1_74' title='bbox 979 743 1055 787; x_wconf 89' lang='lat' dir='ltr'><strong>est,</strong></span> <span class='ocrx_word' id='word_1_75' title='bbox 1078 735 1191 792; x_wconf 92' lang='lat' dir='ltr'><strong>quod</strong></span> <span class='ocrx_word' id='word_1_76' title='bbox 1212 736 1254 778; x_wconf 96' lang='lat' dir='ltr'>A</span> <span class='ocrx_word' id='word_1_77' title='bbox 1274 743 1450 793; x_wconf 85' lang='lat' dir='ltr'><strong>augetur</strong></span> <span class='ocrx_word' id='word_1_78' title='bbox 1478 735 1544 779; x_wconf 88' lang='lat' dir='ltr'><strong>vel</strong></span> <span class='ocrx_word' id='word_1_79' title='bbox 1573 735 1817 778; x_wconf 87' lang='lat' dir='ltr'><strong>diminuitur</strong></span> <span class='ocrx_word' id='word_1_80' title='bbox 1846 735 1890 776; x_wconf 94' lang='lat' dir='ltr'><strong>in</strong></span> 
     </span>
    </p>
   </div>
   <div class='ocr_carea' id='block_1_4' title="bbox 170 809 1887 920">
    <p class='ocr_par' dir='ltr' id='par_1_4' title="bbox 170 809 1887 920">
     <span class='ocr_line' id='line_1_8' title="bbox 170 809 1887 920; baseline -0.005 -24"><span class='ocrx_word' id='word_1_81' title='bbox 170 852 315 896; x_wconf 84' lang='lat' dir='ltr'><strong>eadem</strong></span> <span class='ocrx_word' id='word_1_82' title='bbox 334 850 494 893; x_wconf 83' lang='lat' dir='ltr'><strong>ratione</strong></span> <span class='ocrx_word' id='word_1_83' title='bbox 514 864 609 891; x_wconf 91' lang='lat' dir='ltr'><strong>cum</strong></span> <span class='ocrx_word' id='word_1_84' title='bbox 633 849 671 891; x_wconf 94' lang='lat' dir='ltr'><strong>B</strong></span> <span class='ocrx_word' id='word_1_85' title='bbox 699 856 734 892; x_wconf 86' lang='grc' dir='ltr'>Χ</span> <span class='ocrx_word' id='word_1_86' title='bbox 761 846 798 889; x_wconf 93' lang='lat' dir='ltr'>C</span> <span class='ocrx_word' id='word_1_87' title='bbox 823 856 858 891; x_wconf 83' lang='grc' dir='ltr'>Χ</span> <span class='ocrx_word' id='word_1_88' title='bbox 889 814 936 920; x_wconf 61' lang='lat'><strong>113</strong></span> <span class='ocrx_word' id='word_1_89' title='bbox 955 846 1037 889; x_wconf 93' lang='lat' dir='ltr'><strong>hoc</strong></span> <span class='ocrx_word' id='word_1_90' title='bbox 1056 854 1130 899; x_wconf 91' lang='lat' dir='ltr'><strong>est,</strong></span> <span class='ocrx_word' id='word_1_91' title='bbox 1152 847 1266 904; x_wconf 87' lang='lat' dir='ltr'><strong>quod</strong></span> <span class='ocrx_word' id='word_1_92' title='bbox 1286 848 1328 890; x_wconf 93' lang='lat' dir='ltr'><strong>A</strong></span> <span class='ocrx_word' id='word_1_93' title='bbox 1348 855 1390 890; x_wconf 87' lang='lat' dir='ltr'><strong>et</strong></span> <span class='ocrx_word' id='word_1_94' title='bbox 1411 809 1506 920; x_wconf 67' lang='lat' dir='ltr'><strong>1}ch</strong></span> <span class='ocrx_word' id='word_1_95' title='bbox 1524 854 1620 890; x_wconf 91' lang='lat' dir='ltr'><strong>sunt</strong></span> <span class='ocrx_word' id='word_1_96' title='bbox 1639 846 1692 889; x_wconf 86' lang='lat' dir='ltr'><strong>ad</strong></span> <span class='ocrx_word' id='word_1_97' title='bbox 1711 846 1887 888; x_wconf 89' lang='lat' dir='ltr'><strong>invicem</strong></span> 
     </span>
    </p>
   </div>
   <div class='ocr_carea' id='block_1_5' title="bbox 168 937 522 984">
    <p class='ocr_par' dir='ltr' id='par_1_5' title="bbox 168 937 522 984">
     <span class='ocr_line' id='line_1_9' title="bbox 168 937 522 984; baseline -0.011 0"><span class='ocrx_word' id='word_1_98' title='bbox 168 942 214 984; x_wconf 88' lang='lat' dir='ltr'><strong>in</strong></span> <span class='ocrx_word' id='word_1_99' title='bbox 233 940 393 984; x_wconf 80' lang='lat' dir='ltr'><strong>ratione</strong></span> <span class='ocrx_word' id='word_1_100' title='bbox 412 937 522 981; x_wconf 64' lang='lat' dir='ltr'><strong>data.</strong></span> 
     </span>
    </p>
   </div>
   <div class='ocr_carea' id='block_1_6' title="bbox 855 1091 1206 1138">
    <p class='ocr_par' dir='ltr' id='par_1_6' title="bbox 855 1091 1206 1138">
     <span class='ocr_line' id='line_1_10' title="bbox 855 1091 1206 1138; baseline -0.006 -2"><span class='ocrx_word' id='word_1_101' title='bbox 855 1092 1091 1136; x_wconf 89' lang='lat' dir='ltr'>LEMMA</span> <span class='ocrx_word' id='word_1_102' title='bbox 1120 1091 1206 1138; x_wconf 87' lang='lat' dir='ltr'><strong>XI.</strong></span> 
     </span>
    </p>
   </div>
   <div class='ocr_carea' id='block_1_7' title="bbox 166 1194 1888 1387">
    <p class='ocr_par' dir='ltr' id='par_1_7' title="bbox 166 1194 1888 1387">
     <span class='ocr_line' id='line_1_11' title="bbox 166 1194 1888 1251; baseline -0.004 -8"><span class='ocrx_word' id='word_1_103' title='bbox 166 1200 358 1244; x_wconf 84' lang='lat' dir='ltr'><strong>Subtensa</strong></span> <span class='ocrx_word' id='word_1_104' title='bbox 378 1210 609 1240; x_wconf 83' lang='lat' dir='ltr'><strong>evanescens</strong></span> <span class='ocrx_word' id='word_1_105' title='bbox 628 1196 771 1251; x_wconf 84' lang='lat' dir='ltr'><strong>anguli</strong></span> <span class='ocrx_word' id='word_1_106' title='bbox 790 1201 1004 1245; x_wconf 82' lang='lat' dir='ltr'><strong>contactus,</strong></span> <span class='ocrx_word' id='word_1_107' title='bbox 1028 1196 1072 1235; x_wconf 88' lang='lat' dir='ltr'><strong>in</strong></span> <span class='ocrx_word' id='word_1_108' title='bbox 1091 1195 1222 1236; x_wconf 81' lang='lat' dir='ltr'><strong>curvis</strong></span> <span class='ocrx_word' id='word_1_109' title='bbox 1241 1194 1418 1236; x_wconf 74' lang='lat' dir='ltr'><strong>omnibus</strong></span> <span class='ocrx_word' id='word_1_110' title='bbox 1439 1194 1491 1249; x_wconf 64' lang='grc' dir='ltr'><strong>(Ζ)</strong></span> <span class='ocrx_word' id='word_1_111' title='bbox 1515 1199 1768 1237; x_wconf 80' lang='lat' dir='ltr'><strong>curvaturam</strong></span> <span class='ocrx_word' id='word_1_112' title='bbox 1777 1196 1888 1250; x_wconf 77' lang='lat' dir='ltr'><strong>fini-</strong></span> 
     </span>
     <span class='ocr_line' id='line_1_12' title="bbox 223 1264 1888 1324; baseline -0.003 -11"><span class='ocrx_word' id='word_1_113' title='bbox 223 1278 308 1314; x_wconf 83' lang='lat' dir='ltr'><strong>tam</strong></span> <span class='ocrx_word' id='word_1_114' title='bbox 327 1271 385 1312; x_wconf 87' lang='lat' dir='ltr'><strong>ad</strong></span> <span class='ocrx_word' id='word_1_115' title='bbox 394 1275 586 1324; x_wconf 80' lang='lat' dir='ltr'><strong>punctum</strong></span> <span class='ocrx_word' id='word_1_116' title='bbox 606 1270 809 1309; x_wconf 78' lang='lat' dir='ltr'><strong>contactus·</strong></span> <span class='ocrx_word' id='word_1_117' title='bbox 827 1267 1073 1317; x_wconf 79' lang='lat' dir='ltr'><strong>habentibus,</strong></span> <span class='ocrx_word' id='word_1_118' title='bbox 1095 1272 1152 1308; x_wconf 76' lang='lat' dir='ltr'><strong>est</strong></span> <span class='ocrx_word' id='word_1_119' title='bbox 1171 1267 1309 1307; x_wconf 78' lang='lat' dir='ltr'><strong>ultimo</strong></span> <span class='ocrx_word' id='word_1_120' title='bbox 1329 1267 1374 1307; x_wconf 85' lang='lat' dir='ltr'><strong>in</strong></span> <span class='ocrx_word' id='word_1_121' title='bbox 1393 1267 1553 1308; x_wconf 80' lang='lat' dir='ltr'><strong>ratione</strong></span> <span class='ocrx_word' id='word_1_122' title='bbox 1572 1265 1780 1322; x_wconf 72' lang='lat' dir='ltr'><strong>duplicata</strong></span> <span class='ocrx_word' id='word_1_123' title='bbox 1799 1264 1888 1309; x_wconf 82' lang='lat' dir='ltr'><strong>sub-</strong></span> 
     </span>
     <span class='ocr_line' id='line_1_13' title="bbox 225 1340 749 1387; baseline -0.013 -1"><span class='ocrx_word' id='word_1_124' title='bbox 225 1351 348 1387; x_wconf 82' lang='lat' dir='ltr'><strong>tensae</strong></span> <span class='ocrx_word' id='word_1_125' title='bbox 367 1355 482 1383; x_wconf 88' lang='lat' dir='ltr'><strong>arcus</strong></span> <span class='ocrx_word' id='word_1_126' title='bbox 501 1340 749 1382; x_wconf 83' lang='lat' dir='ltr'><strong>contermini.</strong></span> 
     </span>
    </p>
   </div>
   <div class='ocr_carea' id='block_1_8' title="bbox 165 1449 1889 1804">
    <p class='ocr_par' dir='ltr' id='par_1_8' title="bbox 165 1449 1889 1804">
     <span class='ocr_line' id='line_1_14' title="bbox 225 1449 1887 1509; baseline -0.004 -10"><span class='ocrx_word' id='word_1_127' title='bbox 225 1457 320 1500; x_wconf 84' lang='lat' dir='ltr'><strong>Cas.</strong></span> <span class='ocrx_word' id='word_1_128' title='bbox 364 1461 402 1498; x_wconf 90' lang='lat'><strong>1.</strong></span> <span class='ocrx_word' id='word_1_129' title='bbox 454 1454 518 1496; x_wconf 89' lang='lat' dir='ltr'><strong>Sit</strong></span> <span class='ocrx_word' id='word_1_130' title='bbox 556 1467 676 1494; x_wconf 83' lang='lat' dir='ltr'><strong>arcus</strong></span> <span class='ocrx_word' id='word_1_131' title='bbox 714 1452 785 1493; x_wconf 90' lang='lat' dir='ltr'><strong>ille</strong></span> <span class='ocrx_word' id='word_1_132' title='bbox 826 1451 867 1494; x_wconf 95' lang='lat' dir='ltr'>A</span> <span class='ocrx_word' id='word_1_133' title='bbox 890 1451 941 1501; x_wconf 93' lang='lat' dir='ltr'><strong>B,</strong></span> <span class='ocrx_word' id='word_1_134' title='bbox 982 1459 1157 1508; x_wconf 85' lang='lat' dir='ltr'><strong>tangens</strong></span> <span class='ocrx_word' id='word_1_135' title='bbox 1196 1450 1285 1506; x_wconf 90' lang='lat' dir='ltr'><strong>ejus</strong></span> <span class='ocrx_word' id='word_1_136' title='bbox 1327 1449 1368 1491; x_wconf 89' lang='lat' dir='ltr'>A</span> <span class='ocrx_word' id='word_1_137' title='bbox 1407 1449 1467 1500; x_wconf 88' lang='lat' dir='ltr'><strong>D,</strong></span> <span class='ocrx_word' id='word_1_138' title='bbox 1509 1450 1707 1493; x_wconf 88' lang='lat' dir='ltr'><strong>subtensa</strong></span> <span class='ocrx_word' id='word_1_139' title='bbox 1745 1451 1887 1509; x_wconf 83' lang='lat' dir='ltr'><strong>anguli</strong></span> 
     </span>
     <span class='ocr_line' id='line_1_15' title="bbox 167 1525 1886 1586; baseline -0.005 -10"><span class='ocrx_word' id='word_1_140' title='bbox 167 1539 383 1577; x_wconf 87' lang='lat' dir='ltr'><strong>contactus</strong></span> <span class='ocrx_word' id='word_1_141' title='bbox 420 1530 476 1572; x_wconf 84' lang='lat' dir='ltr'><strong>ad</strong></span> <span class='ocrx_word' id='word_1_142' title='bbox 513 1535 752 1586; x_wconf 79' lang='lat' dir='ltr'><strong>tangentem</strong></span> <span class='ocrx_word' id='word_1_143' title='bbox 791 1526 1145 1582; x_wconf 85' lang='lat' dir='ltr'><strong>perpendicularis</strong></span> <span class='ocrx_word' id='word_1_144' title='bbox 1166 1526 1225 1567; x_wconf 88' lang='lat' dir='ltr'><strong>&#39;B</strong></span> <span class='ocrx_word' id='word_1_145' title='bbox 1263 1525 1323 1576; x_wconf 88' lang='lat' dir='ltr'><strong>D,</strong></span> <span class='ocrx_word' id='word_1_146' title='bbox 1366 1525 1561 1567; x_wconf 86' lang='lat' dir='ltr'><strong>subtensa</strong></span> <span class='ocrx_word' id='word_1_147' title='bbox 1599 1540 1717 1568; x_wconf 86' lang='lat' dir='ltr'><strong>arcus</strong></span> <span class='ocrx_word' id='word_1_148' title='bbox 1753 1526 1794 1567; x_wconf 95' lang='lat' dir='ltr'>A</span> <span class='ocrx_word' id='word_1_149' title='bbox 1836 1525 1886 1568; x_wconf 87' lang='lat' dir='ltr'><strong>B.</strong></span> 
     </span>
     <span class='ocr_line' id='line_1_16' title="bbox 169 1586 1887 1654; baseline -0.006 -6"><span class='ocrx_word' id='word_1_150' title='bbox 169 1604 287 1648; x_wconf 86' lang='lat' dir='ltr'><strong>Huic</strong></span> <span class='ocrx_word' id='word_1_151' title='bbox 315 1602 524 1645; x_wconf 88' lang='lat' dir='ltr'><strong>subtensae</strong></span> <span class='ocrx_word' id='word_1_152' title='bbox 559 1600 601 1640; x_wconf 96' lang='lat' dir='ltr'>A</span> <span class='ocrx_word' id='word_1_153' title='bbox 635 1586 677 1641; x_wconf 88' lang='grc' dir='ltr'><strong>ΒΙ</strong></span> <span class='ocrx_word' id='word_1_154' title='bbox 709 1606 751 1640; x_wconf 90' lang='lat' dir='ltr'><strong>et</strong></span> <span class='ocrx_word' id='word_1_155' title='bbox 777 1597 966 1654; x_wconf 83' lang='lat' dir='ltr'><strong>tangenti</strong></span> <span class='ocrx_word' id='word_1_156' title='bbox 1000 1596 1042 1639; x_wconf 96' lang='lat' dir='ltr'>A</span> <span class='ocrx_word' id='word_1_157' title='bbox 1066 1597 1107 1637; x_wconf 94' lang='lat' dir='ltr'>D</span> <span class='ocrx_word' id='word_1_158' title='bbox 1138 1595 1503 1652; x_wconf 81' lang='lat' dir='ltr'><strong>perpendiculares</strong></span> <span class='ocrx_word' id='word_1_159' title='bbox 1519 1597 1746 1654; x_wconf 74' lang='lat' dir='ltr'><strong>‘erigantur</strong></span> <span class='ocrx_word' id='word_1_160' title='bbox 1767 1598 1807 1638; x_wconf 90' lang='lat' dir='ltr'>A</span> <span class='ocrx_word' id='word_1_161' title='bbox 1829 1597 1887 1647; x_wconf 99' lang='lat' dir='ltr'><strong>G,</strong></span> 
     </span>
     <span class='ocr_line' id='line_1_17' title="bbox 169 1667 1888 1735; baseline -0.005 -17"><span class='ocrx_word' id='word_1_162' title='bbox 169 1677 207 1720; x_wconf 90' lang='lat' dir='ltr'><strong>B</strong></span> <span class='ocrx_word' id='word_1_163' title='bbox 222 1675 295 1727; x_wconf 91' lang='lat' dir='ltr'><strong>.G‚</strong></span> <span class='ocrx_word' id='word_1_164' title='bbox 328 1678 620 1735; x_wconf 86' lang='lat' dir='ltr'><strong>concurrentes</strong></span> <span class='ocrx_word' id='word_1_165' title='bbox 653 1670 698 1711; x_wconf 91' lang='lat' dir='ltr'><strong>in</strong></span> <span class='ocrx_word' id='word_1_166' title='bbox 735 1669 778 1712; x_wconf 90' lang='lat' dir='ltr'>G</span> <span class='ocrx_word' id='word_1_167' title='bbox 789 1685 801 1719; x_wconf 85' lang='lat'><em>3</em></span> <span class='ocrx_word' id='word_1_168' title='bbox 843 1668 942 1710; x_wconf 87' lang='lat' dir='ltr'><strong>dein</strong></span> <span class='ocrx_word' id='word_1_169' title='bbox 975 1667 1176 1709; x_wconf 83' lang='lat' dir='ltr'><strong>accedant</strong></span> <span class='ocrx_word' id='word_1_170' title='bbox 1207 1675 1363 1723; x_wconf 87' lang='lat' dir='ltr'><strong>puncta</strong></span> <span class='ocrx_word' id='word_1_171' title='bbox 1396 1667 1456 1719; x_wconf 88' lang='lat' dir='ltr'><strong>D,</strong></span> <span class='ocrx_word' id='word_1_172' title='bbox 1489 1668 1541 1720; x_wconf 87' lang='lat' dir='ltr'><strong>B,</strong></span> <span class='ocrx_word' id='word_1_173' title='bbox 1580 1669 1637 1720; x_wconf 90' lang='lat' dir='ltr'><strong>G,</strong></span> <span class='ocrx_word' id='word_1_174' title='bbox 1670 1668 1724 1710; x_wconf 88' lang='lat' dir='ltr'><strong>ad</strong></span> <span class='ocrx_word' id='word_1_175' title='bbox 1756 1683 1888 1724; x_wconf 90' lang='lat' dir='ltr'><strong>punc-</strong></span> 
     </span>
     <span class='ocr_line' id='line_1_18' title="bbox 165 1740 1889 1804; baseline -0.004 -13"><span class='ocrx_word' id='word_1_176' title='bbox 165 1757 221 1802; x_wconf 81' lang='lat' dir='ltr'><strong>ta,</strong></span> <span class='ocrx_word' id='word_1_177' title='bbox 255 1748 299 1801; x_wconf 90' lang='lat' dir='ltr'><strong>d,</strong></span> <span class='ocrx_word' id='word_1_178' title='bbox 333 1747 376 1799; x_wconf 91' lang='lat' dir='ltr'><strong>b,</strong></span> <span class='ocrx_word' id='word_1_179' title='bbox 411 1762 454 1804; x_wconf 87' lang='lat' dir='ltr'><strong>g,</strong></span> <span class='ocrx_word' id='word_1_180' title='bbox 496 1745 631 1802; x_wconf 80' lang='lat' dir='ltr'><strong>sitque</strong></span> <span class='ocrx_word' id='word_1_181' title='bbox 670 1746 692 1789; x_wconf 96' lang='lat' dir='ltr'>I</span> <span class='ocrx_word' id='word_1_182' title='bbox 736 1741 974 1784; x_wconf 85' lang='lat' dir='ltr'><strong>intersectio</strong></span> <span class='ocrx_word' id='word_1_183' title='bbox 1012 1741 1215 1783; x_wconf 78' lang='lat' dir='ltr'><strong>linearum</strong></span> <span class='ocrx_word' id='word_1_184' title='bbox 1256 1741 1294 1783; x_wconf 92' lang='lat' dir='ltr'><strong>B</strong></span> <span class='ocrx_word' id='word_1_185' title='bbox 1334 1740 1392 1792; x_wconf 88' lang='lat' dir='ltr'><strong>G,</strong></span> <span class='ocrx_word' id='word_1_186' title='bbox 1433 1741 1475 1783; x_wconf 95' lang='lat' dir='ltr'>A</span> <span class='ocrx_word' id='word_1_187' title='bbox 1515 1740 1559 1784; x_wconf 90' lang='lat' dir='ltr'><strong>G</strong></span> <span class='ocrx_word' id='word_1_188' title='bbox 1597 1741 1743 1784; x_wconf 87' lang='lat' dir='ltr'><strong>ultimo</strong></span> <span class='ocrx_word' id='word_1_189' title='bbox 1781 1741 1889 1784; x_wconf 72' lang='lat' dir='ltr'><strong>facta</strong></span> 
     </span>
    </p>
   </div>
   <div class='ocr_carea' id='block_1_9' title="bbox 157 1884 1888 3133">
    <p class='ocr_par' dir='ltr' id='par_1_9' title="bbox 157 1884 1888 2324">
     <span class='ocr_line' id='line_1_19' title="bbox 164 1884 1888 1928; baseline -0.005 -2"><span class='ocrx_word' id='word_1_190' title='bbox 164 1893 280 1925; x_wconf 76' lang='lat' dir='ltr'><strong>viribus</strong></span> <span class='ocrx_word' id='word_1_191' title='bbox 304 1891 492 1928; x_wconf 75' lang='lat' dir='ltr'><strong>describunt,</strong></span> <span class='ocrx_word' id='word_1_192' title='bbox 519 1894 603 1927; x_wconf 75' lang='lat' dir='ltr'><strong>sunt,</strong></span> <span class='ocrx_word' id='word_1_193' title='bbox 627 1888 695 1928; x_wconf 81' lang='lat' dir='ltr'><strong>ipso</strong></span> <span class='ocrx_word' id='word_1_194' title='bbox 714 1891 820 1917; x_wconf 78' lang='lat' dir='ltr'><strong>motus</strong></span> <span class='ocrx_word' id='word_1_195' title='bbox 843 1884 944 1922; x_wconf 81' lang='lat' dir='ltr'><strong>initio,</strong></span> <span class='ocrx_word' id='word_1_196' title='bbox 969 1891 1006 1916; x_wconf 90' lang='lat' dir='ltr'><strong>ut</strong></span> <span class='ocrx_word' id='word_1_197' title='bbox 1048 1884 1161 1915; x_wconf 74' lang='lat' dir='ltr'><strong>cedant</strong></span> <span class='ocrx_word' id='word_1_198' title='bbox 1174 1890 1290 1925; x_wconf 72' lang='lat' dir='ltr'><strong>puncta</strong></span> <span class='ocrx_word' id='word_1_199' title='bbox 1309 1885 1339 1916; x_wconf 88' lang='lat' dir='ltr'>A</span> <span class='ocrx_word' id='word_1_200' title='bbox 1353 1891 1386 1916; x_wconf 83' lang='lat' dir='ltr'><strong>et</strong></span> <span class='ocrx_word' id='word_1_201' title='bbox 1402 1885 1443 1923; x_wconf 93' lang='lat' dir='ltr'><strong>B,</strong></span> <span class='ocrx_word' id='word_1_202' title='bbox 1457 1885 1558 1917; x_wconf 81' lang='lat' dir='ltr'><strong>donec</strong></span> <span class='ocrx_word' id='word_1_203' title='bbox 1571 1895 1661 1916; x_wconf 82' lang='lat' dir='ltr'><strong>arcus</strong></span> <span class='ocrx_word' id='word_1_204' title='bbox 1674 1886 1705 1917; x_wconf 78' lang='lat' dir='ltr'>A</span> <span class='ocrx_word' id='word_1_205' title='bbox 1718 1886 1747 1917; x_wconf 94' lang='lat' dir='ltr'><strong>B</strong></span> <span class='ocrx_word' id='word_1_206' title='bbox 1762 1895 1888 1917; x_wconf 80' lang='lat' dir='ltr'><strong>evanes-</strong></span> 
     </span>
     <span class='ocr_line' id='line_1_20' title="bbox 165 1927 1888 1976; baseline -0.007 -8"><span class='ocrx_word' id='word_1_207' title='bbox 165 1937 244 1968; x_wconf 79' lang='lat' dir='ltr'><strong>vires</strong></span> <span class='ocrx_word' id='word_1_208' title='bbox 257 1941 289 1967; x_wconf 82' lang='lat' dir='ltr'><strong>et</strong></span> <span class='ocrx_word' id='word_1_209' title='bbox 301 1934 451 1976; x_wconf 80' lang='lat' dir='ltr'><strong>quadrata</strong></span> <span class='ocrx_word' id='word_1_210' title='bbox 464 1939 640 1972; x_wconf 76' lang='lat' dir='ltr'><strong>temporum</strong></span> <span class='ocrx_word' id='word_1_211' title='bbox 654 1930 856 1970; x_wconf 81' lang='lat' dir='ltr'><strong>conjunctim.</strong></span> <span class='ocrx_word' id='word_1_212' title='bbox 906 1929 937 1959; x_wconf 90' lang='lat' dir='ltr'><strong>Si</strong></span> <span class='ocrx_word' id='word_1_213' title='bbox 948 1928 1005 1959; x_wconf 87' lang='lat' dir='ltr'><strong>ita-</strong></span> <span class='ocrx_word' id='word_1_214' title='bbox 1047 1933 1105 1962; x_wconf 74' lang='lat' dir='ltr'><strong>cat,</strong></span> <span class='ocrx_word' id='word_1_215' title='bbox 1118 1927 1188 1958; x_wconf 83' lang='lat' dir='ltr'><strong>duae</strong></span> <span class='ocrx_word' id='word_1_216' title='bbox 1199 1927 1467 1967; x_wconf 61' lang='lat' dir='ltr'><strong>perpendiculares</strong></span> <span class='ocrx_word' id='word_1_217' title='bbox 1480 1929 1553 1965; x_wconf 86' lang='lat' dir='ltr'><strong>Ac,</strong></span> <span class='ocrx_word' id='word_1_218' title='bbox 1567 1928 1638 1965; x_wconf 89' lang='lat' dir='ltr'><strong>Bc,</strong></span> <span class='ocrx_word' id='word_1_219' title='bbox 1648 1939 1705 1969; x_wconf 81' lang='lat' dir='ltr'><strong>pro</strong></span> <span class='ocrx_word' id='word_1_220' title='bbox 1715 1929 1888 1970; x_wconf 71' lang='lat' dir='ltr'><strong>aequalibus</strong></span> 
     </span>
     <span class='ocr_line' id='line_1_21' title="bbox 165 1970 1888 2020; baseline -0.006 -10"><span class='ocrx_word' id='word_1_221' title='bbox 165 1989 227 2020; x_wconf 87' lang='lat' dir='ltr'><strong>que</strong></span> <span class='ocrx_word' id='word_1_222' title='bbox 239 1978 318 2009; x_wconf 82' lang='lat' dir='ltr'><strong>vires</strong></span> <span class='ocrx_word' id='word_1_223' title='bbox 331 1976 565 2012; x_wconf 64' lang='lat' dir='ltr'><strong>acceleranicae,</strong></span> <span class='ocrx_word' id='word_1_224' title='bbox 587 1979 692 2005; x_wconf 79' lang='lat' dir='ltr'><strong>motus</strong></span> <span class='ocrx_word' id='word_1_225' title='bbox 705 1972 805 2009; x_wconf 85' lang='lat' dir='ltr'><strong>initio,</strong></span> <span class='ocrx_word' id='word_1_226' title='bbox 828 1971 890 2002; x_wconf 83' lang='lat' dir='ltr'><strong>sint</strong></span> <span class='ocrx_word' id='word_1_227' title='bbox 908 1973 949 2008; x_wconf 87' lang='lat' dir='ltr'><strong>G,</strong></span> <span class='ocrx_word' id='word_1_228' title='bbox 972 1981 1005 2012; x_wconf 88' lang='lat' dir='ltr'><strong>g,</strong></span> <span class='ocrx_word' id='word_1_229' title='bbox 1047 1970 1190 2010; x_wconf 73' lang='lat' dir='ltr'><strong>usurpari</strong></span> <span class='ocrx_word' id='word_1_230' title='bbox 1204 1976 1352 2010; x_wconf 71' lang='lat' dir='ltr'><strong>poterunt</strong></span> <span class='ocrx_word' id='word_1_231' title='bbox 1367 1971 1475 2013; x_wconf 88' lang='lat' dir='ltr'><strong>(Lem.</strong></span> <span class='ocrx_word' id='word_1_232' title='bbox 1494 1971 1553 2012; x_wconf 92' lang='lat'><strong>1.),</strong></span> <span class='ocrx_word' id='word_1_233' title='bbox 1574 1972 1805 2014; x_wconf 79' lang='lat' dir='ltr'><strong>conjungentur</strong></span> <span class='ocrx_word' id='word_1_234' title='bbox 1823 1972 1888 2003; x_wconf 88' lang='lat' dir='ltr'><strong>duo</strong></span> 
     </span>
     <span class='ocr_line' id='line_1_22' title="bbox 165 2014 1001 2062; baseline -0.011 -8"><span class='ocrx_word' id='word_1_235' title='bbox 165 2018 600 2062; x_wconf 77' lang='lat' dir='ltr'><strong>spatiaS,s‚temporaT‚t‚</strong></span> <span class='ocrx_word' id='word_1_236' title='bbox 621 2014 1001 2046; x_wconf 72' lang='lat' dir='ltr'><strong>erits=s=GTT2</strong></span> 
     </span>
     <span class='ocr_line' id='line_1_23' title="bbox 157 2059 1006 2142; baseline -0.009 -21"><span class='ocrx_word' id='word_1_237' title='bbox 157 2092 252 2131; x_wconf 60' lang='grc' dir='ltr'><strong>ΒΝ,</strong></span> <span class='ocrx_word' id='word_1_238' title='bbox 274 2086 407 2129; x_wconf 70' lang='lat' dir='ltr'><strong>ideoque</strong></span> <span class='ocrx_word' id='word_1_239' title='bbox 430 2059 770 2142; x_wconf 58' lang='lat' dir='ltr'><strong>Gtg=T§,i,:t—S-t,</strong></span> <span class='ocrx_word' id='word_1_240' title='bbox 793 2089 825 2114; x_wconf 86' lang='lat' dir='ltr'><strong>et</strong></span> <span class='ocrx_word' id='word_1_241' title='bbox 847 2083 1006 2115; x_wconf 70' lang='lat' dir='ltr'><strong>Ttht</strong></span> 
     </span>
     <span class='ocr_line' id='line_1_24' title="bbox 166 2149 1005 2196; baseline -0.01 -7"><span class='ocrx_word' id='word_1_242' title='bbox 166 2157 275 2189; x_wconf 82' lang='lat' dir='ltr'><strong>=S:</strong></span> <span class='ocrx_word' id='word_1_243' title='bbox 297 2156 460 2196; x_wconf 74' lang='lat' dir='ltr'><strong>st:g‚</strong></span> <span class='ocrx_word' id='word_1_244' title='bbox 483 2154 543 2184; x_wconf 86' lang='lat' dir='ltr'><strong>hoc</strong></span> <span class='ocrx_word' id='word_1_245' title='bbox 563 2159 620 2192; x_wconf 78' lang='lat' dir='ltr'><strong>est,</strong></span> <span class='ocrx_word' id='word_1_246' title='bbox 645 2153 725 2184; x_wconf 78' lang='lat' dir='ltr'><strong>vires</strong></span> <span class='ocrx_word' id='word_1_247' title='bbox 748 2157 822 2183; x_wconf 84' lang='lat' dir='ltr'><strong>sunt</strong></span> <span class='ocrx_word' id='word_1_248' title='bbox 846 2156 883 2182; x_wconf 82' lang='lat' dir='ltr'><strong>ut</strong></span> <span class='ocrx_word' id='word_1_249' title='bbox 907 2149 1005 2191; x_wconf 76' lang='lat' dir='ltr'><strong>spatia</strong></span> 
     </span>
     <span class='ocr_line' id='line_1_25' title="bbox 165 2193 1003 2235; baseline -0.011 -4"><span class='ocrx_word' id='word_1_250' title='bbox 165 2205 271 2231; x_wconf 83' lang='lat' dir='ltr'><strong>motus</strong></span> <span class='ocrx_word' id='word_1_251' title='bbox 284 2197 374 2229; x_wconf 79' lang='lat' dir='ltr'><strong>initio</strong></span> <span class='ocrx_word' id='word_1_252' title='bbox 395 2196 546 2235; x_wconf 65' lang='lat' dir='ltr'><strong>descripta</strong></span> <span class='ocrx_word' id='word_1_253' title='bbox 566 2195 681 2230; x_wconf 73' lang='lat' dir='ltr'><strong>directe</strong></span> <span class='ocrx_word' id='word_1_254' title='bbox 701 2201 734 2226; x_wconf 86' lang='lat' dir='ltr'><strong>et</strong></span> <span class='ocrx_word' id='word_1_255' title='bbox 753 2193 903 2235; x_wconf 69' lang='lat' dir='ltr'><strong>quadrata</strong></span> <span class='ocrx_word' id='word_1_256' title='bbox 923 2199 1003 2224; x_wconf 85' lang='lat' dir='ltr'><strong>tem.</strong></span> 
     </span>
     <span class='ocr_line' id='line_1_26' title="bbox 165 2235 1004 2283; baseline -0.007 -10"><span class='ocrx_word' id='word_1_257' title='bbox 165 2252 279 2283; x_wconf 80' lang='lat' dir='ltr'><strong>porum</strong></span> <span class='ocrx_word' id='word_1_258' title='bbox 293 2238 433 2277; x_wconf 64' lang='lat' dir='ltr'><strong>inverse3</strong></span> <span class='ocrx_word' id='word_1_259' title='bbox 458 2239 650 2277; x_wconf 81' lang='lat' dir='ltr'><strong>Temporum</strong></span> <span class='ocrx_word' id='word_1_260' title='bbox 670 2236 742 2267; x_wconf 71' lang='lat' dir='ltr'><strong>vero</strong></span> <span class='ocrx_word' id='word_1_261' title='bbox 761 2235 910 2276; x_wconf 81' lang='lat' dir='ltr'><strong>quadrata</strong></span> <span class='ocrx_word' id='word_1_262' title='bbox 929 2242 1004 2267; x_wconf 87' lang='lat' dir='ltr'><strong>sunt</strong></span> 
     </span>
     <span class='ocr_line' id='line_1_27' title="bbox 166 2277 888 2324; baseline -0.012 -7"><span class='ocrx_word' id='word_1_263' title='bbox 166 2291 204 2317; x_wconf 86' lang='lat' dir='ltr'><strong>ut</strong></span> <span class='ocrx_word' id='word_1_264' title='bbox 217 2283 368 2324; x_wconf 80' lang='lat' dir='ltr'><strong>descripta</strong></span> <span class='ocrx_word' id='word_1_265' title='bbox 381 2281 480 2322; x_wconf 82' lang='lat' dir='ltr'><strong>spatia</strong></span> <span class='ocrx_word' id='word_1_266' title='bbox 493 2279 609 2311; x_wconf 66' lang='lat' dir='ltr'><strong>directe</strong></span> <span class='ocrx_word' id='word_1_267' title='bbox 622 2285 654 2311; x_wconf 86' lang='lat' dir='ltr'><strong>et</strong></span> <span class='ocrx_word' id='word_1_268' title='bbox 667 2279 746 2309; x_wconf 83' lang='lat' dir='ltr'><strong>vires</strong></span> <span class='ocrx_word' id='word_1_269' title='bbox 758 2277 888 2309; x_wconf 75' lang='lat' dir='ltr'><strong>inverse.</strong></span> 
     </span>
    </p>

    <p class='ocr_par' dir='ltr' id='par_1_10' title="bbox 165 2320 1004 2834">
     <span class='ocr_line' id='line_1_28' title="bbox 210 2320 1004 2369; baseline -0.008 -11"><span class='ocrx_word' id='word_1_270' title='bbox 210 2327 260 2369; x_wconf 77' lang='lat'><strong>(¹)</strong></span> <span class='ocrx_word' id='word_1_271' title='bbox 293 2329 363 2357; x_wconf 76' lang='lat'>121.</span> <span class='ocrx_word' id='word_1_272' title='bbox 400 2322 518 2355; x_wconf 83' lang='lat' dir='ltr'><strong>Circuh’</strong></span> <span class='ocrx_word' id='word_1_273' title='bbox 543 2328 708 2354; x_wconf 80' lang='lat' dir='ltr'><strong>curvatura</strong></span> <span class='ocrx_word' id='word_1_274' title='bbox 733 2327 779 2352; x_wconf 86' lang='lat' dir='ltr'><strong>est</strong></span> <span class='ocrx_word' id='word_1_275' title='bbox 802 2321 837 2350; x_wconf 88' lang='lat' dir='ltr'><strong>in</strong></span> <span class='ocrx_word' id='word_1_276' title='bbox 859 2320 1004 2352; x_wconf 83' lang='lat' dir='ltr'><strong>omnihus</strong></span> 
     </span>
     <span class='ocr_line' id='line_1_29' title="bbox 165 2362 1004 2406; baseline -0.013 -4"><span class='ocrx_word' id='word_1_277' title='bbox 165 2366 421 2402; x_wconf 72' lang='lat' dir='ltr'><strong>circumferentiae</strong></span> <span class='ocrx_word' id='word_1_278' title='bbox 431 2365 555 2406; x_wconf 82' lang='lat' dir='ltr'><strong>punctis</strong></span> <span class='ocrx_word' id='word_1_279' title='bbox 565 2364 683 2402; x_wconf 82' lang='lat' dir='ltr'><strong>eadem,</strong></span> <span class='ocrx_word' id='word_1_280' title='bbox 696 2363 750 2394; x_wconf 78' lang='lat' dir='ltr'><strong>seu&#39;</strong></span> <span class='ocrx_word' id='word_1_281' title='bbox 761 2362 926 2394; x_wconf 83' lang='lat' dir='ltr'><strong>uniformis</strong></span> <span class='ocrx_word' id='word_1_282' title='bbox 936 2374 946 2400; x_wconf 84' lang='lat'>3</span> <span class='ocrx_word' id='word_1_283' title='bbox 968 2362 1004 2393; x_wconf 87' lang='lat' dir='ltr'><strong>in</strong></span> 
     </span>
     <span class='ocr_line' id='line_1_30' title="bbox 165 2405 1004 2448; baseline -0.01 -4"><span class='ocrx_word' id='word_1_284' title='bbox 165 2412 256 2444; x_wconf 81' lang='lat' dir='ltr'><strong>variis</strong></span> <span class='ocrx_word' id='word_1_285' title='bbox 268 2417 372 2442; x_wconf 77' lang='lat' dir='ltr'><strong>autem</strong></span> <span class='ocrx_word' id='word_1_286' title='bbox 387 2408 511 2440; x_wconf 84' lang='lat' dir='ltr'><strong>circulis</strong></span> <span class='ocrx_word' id='word_1_287' title='bbox 524 2417 562 2439; x_wconf 86' lang='lat' dir='ltr'><strong>eo</strong></span> <span class='ocrx_word' id='word_1_288' title='bbox 575 2407 675 2448; x_wconf 81' lang='lat' dir='ltr'><strong>major</strong></span> <span class='ocrx_word' id='word_1_289' title='bbox 688 2413 743 2443; x_wconf 84' lang='lat' dir='ltr'><strong>est,</strong></span> <span class='ocrx_word' id='word_1_290' title='bbox 766 2415 829 2447; x_wconf 88' lang='lat' dir='ltr'><strong>quo</strong></span> <span class='ocrx_word' id='word_1_291' title='bbox 842 2405 944 2435; x_wconf 88' lang='lat' dir='ltr'><strong>minor</strong></span> <span class='ocrx_word' id='word_1_292' title='bbox 958 2410 1004 2436; x_wconf 66' lang='lat' dir='ltr'><strong>aet</strong></span> 
     </span>
     <span class='ocr_line' id='line_1_31' title="bbox 165 2447 1003 2490; baseline -0.012 -3"><span class='ocrx_word' id='word_1_293' title='bbox 165 2454 273 2487; x_wconf 78' lang='lat' dir='ltr'><strong>circuli</strong></span> <span class='ocrx_word' id='word_1_294' title='bbox 286 2453 399 2490; x_wconf 85' lang='lat' dir='ltr'><strong>radius,</strong></span> <span class='ocrx_word' id='word_1_295' title='bbox 422 2450 500 2482; x_wconf 65' lang='lat' dir='ltr'><strong>adeo</strong></span> <span class='ocrx_word' id='word_1_296' title='bbox 520 2456 558 2481; x_wconf 77' lang='lat' dir='ltr'><strong>ut</strong></span> <span class='ocrx_word' id='word_1_297' title='bbox 571 2449 677 2481; x_wconf 85' lang='lat' dir='ltr'><strong>circuli</strong></span> <span class='ocrx_word' id='word_1_298' title='bbox 691 2454 856 2480; x_wconf 83' lang='lat' dir='ltr'><strong>curvatura</strong></span> <span class='ocrx_word' id='word_1_299' title='bbox 869 2447 909 2478; x_wconf 83' lang='lat' dir='ltr'><strong>sit</strong></span> <span class='ocrx_word' id='word_1_300' title='bbox 922 2457 1003 2478; x_wconf 82' lang='lat' dir='ltr'><strong>sem-</strong></span> 
     </span>
     <span class='ocr_line' id='line_1_32' title="bbox 165 2490 1003 2538; baseline -0.011 -10"><span class='ocrx_word' id='word_1_301' title='bbox 165 2507 222 2538; x_wconf 83' lang='lat' dir='ltr'><strong>per</strong></span> <span class='ocrx_word' id='word_1_302' title='bbox 234 2497 269 2537; x_wconf 88' lang='lat' dir='ltr'><strong>in</strong></span> <span class='ocrx_word' id='word_1_303' title='bbox 282 2496 400 2527; x_wconf 84' lang='lat' dir='ltr'><strong>ratione</strong></span> <span class='ocrx_word' id='word_1_304' title='bbox 414 2492 534 2525; x_wconf 72' lang='lat' dir='ltr'><strong>inversa</strong></span> <span class='ocrx_word' id='word_1_305' title='bbox 547 2492 636 2524; x_wconf 84' lang='lat' dir='ltr'><strong>radii.</strong></span> <span class='ocrx_word' id='word_1_306' title='bbox 685 2491 829 2523; x_wconf 83' lang='lat' dir='ltr'><strong>Aliarum</strong></span> <span class='ocrx_word' id='word_1_307' title='bbox 849 2490 1003 2520; x_wconf 79' lang='lat' dir='ltr'><strong>linearum</strong></span> 
     </span>
     <span class='ocr_line' id='line_1_33' title="bbox 166 2532 1004 2578; baseline -0.011 -7"><span class='ocrx_word' id='word_1_308' title='bbox 166 2540 331 2571; x_wconf 72' lang='lat' dir='ltr'><strong>=curvatura</strong></span> <span class='ocrx_word' id='word_1_309' title='bbox 350 2538 384 2568; x_wconf 89' lang='lat' dir='ltr'><strong>in</strong></span> <span class='ocrx_word' id='word_1_310' title='bbox 405 2535 537 2578; x_wconf 85' lang='lat' dir='ltr'><strong>singulis</strong></span> <span class='ocrx_word' id='word_1_311' title='bbox 559 2534 684 2575; x_wconf 85' lang='lat' dir='ltr'><strong>punctis</strong></span> <span class='ocrx_word' id='word_1_312' title='bbox 706 2532 929 2565; x_wconf 76' lang='lat' dir='ltr'><strong>determinatur</strong></span> <span class='ocrx_word' id='word_1_313' title='bbox 947 2542 1004 2571; x_wconf 85' lang='lat' dir='ltr'><strong>per</strong></span> 
     </span>
     <span class='ocr_line' id='line_1_34' title="bbox 166 2573 1003 2618; baseline -0.013 -4"><span class='ocrx_word' id='word_1_314' title='bbox 166 2587 362 2614; x_wconf 76' lang='lat' dir='ltr'><strong>curvaturam</strong></span> <span class='ocrx_word' id='word_1_315' title='bbox 375 2589 464 2611; x_wconf 87' lang='lat' dir='ltr'><strong>arcus</strong></span> <span class='ocrx_word' id='word_1_316' title='bbox 478 2578 634 2610; x_wconf 82' lang='lat' dir='ltr'><strong>circularis</strong></span> <span class='ocrx_word' id='word_1_317' title='bbox 647 2577 702 2618; x_wconf 86' lang='lat' dir='ltr'><strong>qui</strong></span> <span class='ocrx_word' id='word_1_318' title='bbox 722 2586 796 2607; x_wconf 88' lang='lat' dir='ltr'><strong>cum</strong></span> <span class='ocrx_word' id='word_1_319' title='bbox 809 2585 884 2606; x_wconf 82' lang='lat' dir='ltr'><strong>arcu</strong></span> <span class='ocrx_word' id='word_1_320' title='bbox 897 2573 1003 2605; x_wconf 80' lang='lat' dir='ltr'><strong>infini-</strong></span> 
     </span>
     <span class='ocr_line' id='line_1_35' title="bbox 166 2617 1004 2665; baseline -0.011 -9"><span class='ocrx_word' id='word_1_321' title='bbox 166 2625 277 2665; x_wconf 69' lang='lat' dir='ltr'><strong>tesimo</strong></span> <span class='ocrx_word' id='word_1_322' title='bbox 290 2633 392 2655; x_wconf 85' lang='lat' dir='ltr'><strong>curvae</strong></span> <span class='ocrx_word' id='word_1_323' title='bbox 405 2623 439 2653; x_wconf 88' lang='lat' dir='ltr'><strong>in</strong></span> <span class='ocrx_word' id='word_1_324' title='bbox 452 2627 569 2662; x_wconf 86' lang='lat' dir='ltr'><strong>puncto</strong></span> <span class='ocrx_word' id='word_1_325' title='bbox 583 2620 655 2651; x_wconf 83' lang='lat' dir='ltr'><strong>dato</strong></span> <span class='ocrx_word' id='word_1_326' title='bbox 669 2618 821 2661; x_wconf 82' lang='lat' dir='ltr'><strong>congruit,</strong></span> <span class='ocrx_word' id='word_1_327' title='bbox 837 2628 903 2655; x_wconf 79' lang='lat' dir='ltr'><strong>seu,</strong></span> <span class='ocrx_word' id='word_1_328' title='bbox 919 2617 1004 2657; x_wconf 84' lang='lat' dir='ltr'><strong>quod</strong></span> 
     </span>
     <span class='ocr_line' id='line_1_36' title="bbox 167 2660 998 2707; baseline -0.01 -9"><span class='ocrx_word' id='word_1_329' title='bbox 167 2666 251 2698; x_wconf 78' lang='lat' dir='ltr'><strong>idem</strong></span> <span class='ocrx_word' id='word_1_330' title='bbox 266 2672 322 2704; x_wconf 54' lang='grc' dir='ltr'><strong>δι’,</strong></span> <span class='ocrx_word' id='word_1_331' title='bbox 337 2665 391 2707; x_wconf 88' lang='lat' dir='ltr'><strong>qui</strong></span> <span class='ocrx_word' id='word_1_332' title='bbox 405 2674 530 2696; x_wconf 83' lang='lat' dir='ltr'><strong>curvam</strong></span> <span class='ocrx_word' id='word_1_333' title='bbox 544 2663 579 2693; x_wconf 89' lang='lat' dir='ltr'><strong>in</strong></span> <span class='ocrx_word' id='word_1_334' title='bbox 599 2668 717 2703; x_wconf 86' lang='lat' dir='ltr'><strong>puncto</strong></span> <span class='ocrx_word' id='word_1_335' title='bbox 738 2661 812 2692; x_wconf 80' lang='lat' dir='ltr'><strong>dato</strong></span> <span class='ocrx_word' id='word_1_336' title='bbox 831 2660 998 2691; x_wconf 73' lang='lat' dir='ltr'><strong>osculatur.</strong></span> 
     </span>
     <span class='ocr_line' id='line_1_37' title="bbox 169 2702 1003 2751; baseline -0.012 -9"><span class='ocrx_word' id='word_1_337' title='bbox 169 2710 230 2742; x_wconf 76' lang='lat' dir='ltr'><strong>Est</strong></span> <span class='ocrx_word' id='word_1_338' title='bbox 242 2709 338 2751; x_wconf 84' lang='lat' dir='ltr'><strong>igitur</strong></span> <span class='ocrx_word' id='word_1_339' title='bbox 350 2708 442 2739; x_wconf 83' lang='lat' dir='ltr'><strong>lineae</strong></span> <span class='ocrx_word' id='word_1_340' title='bbox 455 2706 590 2747; x_wconf 82' lang='lat' dir='ltr'><strong>cujusvis</strong></span> <span class='ocrx_word' id='word_1_341' title='bbox 602 2705 636 2735; x_wconf 90' lang='lat' dir='ltr'><strong>in</strong></span> <span class='ocrx_word' id='word_1_342' title='bbox 657 2709 774 2744; x_wconf 87' lang='lat' dir='ltr'><strong>puncto</strong></span> <span class='ocrx_word' id='word_1_343' title='bbox 798 2702 872 2734; x_wconf 83' lang='lat' dir='ltr'><strong>dato</strong></span> <span class='ocrx_word' id='word_1_344' title='bbox 893 2712 1003 2733; x_wconf 82' lang='lat' dir='ltr'><strong>curva-</strong></span> 
     </span>
     <span class='ocr_line' id='line_1_38' title="bbox 167 2745 1003 2784; baseline -0.011 0"><span class='ocrx_word' id='word_1_345' title='bbox 167 2756 240 2784; x_wconf 76' lang='lat' dir='ltr'><strong>tura</strong></span> <span class='ocrx_word' id='word_1_346' title='bbox 252 2750 370 2783; x_wconf 66' lang='lat' dir='ltr'><strong>inverse</strong></span> <span class='ocrx_word' id='word_1_347' title='bbox 383 2756 420 2781; x_wconf 89' lang='lat' dir='ltr'><strong>ut</strong></span> <span class='ocrx_word' id='word_1_348' title='bbox 433 2749 537 2781; x_wconf 80' lang='lat' dir='ltr'><strong>radius</strong></span> <span class='ocrx_word' id='word_1_349' title='bbox 557 2747 666 2779; x_wconf 85' lang='lat' dir='ltr'><strong>circuli</strong></span> <span class='ocrx_word' id='word_1_350' title='bbox 686 2756 812 2778; x_wconf 87' lang='lat' dir='ltr'><strong>curvam</strong></span> <span class='ocrx_word' id='word_1_351' title='bbox 832 2745 947 2776; x_wconf 84' lang='lat' dir='ltr'><strong>lineam</strong></span> <span class='ocrx_word' id='word_1_352' title='bbox 968 2745 1003 2775; x_wconf 87' lang='lat' dir='ltr'><strong>in</strong></span> 
     </span>
     <span class='ocr_line' id='line_1_39' title="bbox 169 2791 560 2834; baseline -0.013 -8"><span class='ocrx_word' id='word_1_353' title='bbox 169 2793 242 2826; x_wconf 80' lang='lat' dir='ltr'><strong>dato</strong></span> <span class='ocrx_word' id='word_1_354' title='bbox 253 2799 371 2834; x_wconf 87' lang='lat' dir='ltr'><strong>puncto</strong></span> <span class='ocrx_word' id='word_1_355' title='bbox 384 2791 560 2824; x_wconf 74' lang='lat' dir='ltr'><strong>osculantis.</strong></span> 
     </span>
    </p>

    <p class='ocr_par' dir='ltr' id='par_1_11' title="bbox 169 2830 1886 3045">
     <span class='ocr_line' id='line_1_40' title="bbox 214 2830 1003 2872; baseline -0.008 -5"><span class='ocrx_word' id='word_1_356' title='bbox 214 2837 384 2872; x_wconf 69' lang='lat' dir='ltr'><strong>Sumuntur</strong></span> <span class='ocrx_word' id='word_1_357' title='bbox 407 2835 471 2866; x_wconf 91' lang='lat' dir='ltr'><strong>duo</strong></span> <span class='ocrx_word' id='word_1_358' title='bbox 495 2843 597 2865; x_wconf 84' lang='lat' dir='ltr'><strong>curvae</strong></span> <span class='ocrx_word' id='word_1_359' title='bbox 612 2834 643 2863; x_wconf 83' lang='lat' dir='ltr'>A</span> <span class='ocrx_word' id='word_1_360' title='bbox 661 2833 698 2870; x_wconf 85' lang='lat' dir='ltr'><strong>F,</strong></span> <span class='ocrx_word' id='word_1_361' title='bbox 724 2837 840 2871; x_wconf 82' lang='lat' dir='ltr'><strong>puncta</strong></span> <span class='ocrx_word' id='word_1_362' title='bbox 857 2831 888 2862; x_wconf 81' lang='lat' dir='ltr'>A</span> <span class='ocrx_word' id='word_1_363' title='bbox 910 2835 942 2861; x_wconf 83' lang='lat' dir='ltr'><strong>et</strong></span> <span class='ocrx_word' id='word_1_364' title='bbox 962 2830 1003 2867; x_wconf 90' lang='grc' dir='ltr'><strong>Β,</strong></span> 
     </span>
     <span class='ocr_line' id='line_1_41' title="bbox 170 2874 1003 2919; baseline -0.01 -9"><span class='ocrx_word' id='word_1_365' title='bbox 170 2878 383 2919; x_wconf 82' lang='lat' dir='ltr'><strong>ducanturque</strong></span> <span class='ocrx_word' id='word_1_366' title='bbox 395 2883 488 2908; x_wconf 88' lang='lat' dir='ltr'><strong>rectae</strong></span> <span class='ocrx_word' id='word_1_367' title='bbox 504 2876 536 2907; x_wconf 88' lang='lat' dir='ltr'>A</span> <span class='ocrx_word' id='word_1_368' title='bbox 554 2876 591 2913; x_wconf 92' lang='lat' dir='ltr'><strong>C,</strong></span> <span class='ocrx_word' id='word_1_369' title='bbox 617 2876 646 2906; x_wconf 94' lang='lat' dir='ltr'><strong>B</strong></span> <span class='ocrx_word' id='word_1_370' title='bbox 665 2876 701 2912; x_wconf 92' lang='lat' dir='ltr'><strong>C,</strong></span> <span class='ocrx_word' id='word_1_371' title='bbox 724 2874 765 2905; x_wconf 87' lang='lat' dir='ltr'><strong>ad</strong></span> <span class='ocrx_word' id='word_1_372' title='bbox 785 2883 912 2904; x_wconf 78' lang='lat' dir='ltr'><strong>curvam</strong></span> <span class='ocrx_word' id='word_1_373' title='bbox 933 2882 1003 2912; x_wconf 85' lang='lat' dir='ltr'><strong>per-</strong></span> 
     </span>
     <span class='ocr_line' id='line_1_42' title="bbox 169 2916 1004 2962; baseline -0.011 -9"><span class='ocrx_word' id='word_1_374' title='bbox 169 2920 392 2962; x_wconf 70' lang='lat' dir='ltr'><strong>pendimlarae,</strong></span> <span class='ocrx_word' id='word_1_375' title='bbox 406 2926 438 2951; x_wconf 85' lang='lat' dir='ltr'><strong>et</strong></span> <span class='ocrx_word' id='word_1_376' title='bbox 452 2929 490 2950; x_wconf 87' lang='lat' dir='ltr'><strong>ex</strong></span> <span class='ocrx_word' id='word_1_377' title='bbox 505 2923 622 2959; x_wconf 78' lang='lat' dir='ltr'><strong>puncto</strong></span> <span class='ocrx_word' id='word_1_378' title='bbox 635 2916 858 2948; x_wconf 81' lang='lat' dir='ltr'><strong>intersectionis</strong></span> <span class='ocrx_word' id='word_1_379' title='bbox 874 2916 913 2953; x_wconf 89' lang='lat' dir='ltr'><strong>C,</strong></span> <span class='ocrx_word' id='word_1_380' title='bbox 934 2920 1004 2945; x_wconf 77' lang='lat' dir='ltr'><strong>tan-</strong></span> 
     </span>
     <span class='ocr_line' id='line_1_43' title="bbox 170 2950 1886 3045; baseline -0.008 -8"><span class='ocrx_word' id='word_1_381' title='bbox 170 2961 646 3045; x_wconf 50' lang='lat' dir='ltr'><strong>fflffiffifflssuffleff</strong></span> <span class='ocrx_word' id='word_1_382' title='bbox 653 2958 1008 3039; x_wconf 49' lang='lat' dir='ltr'><strong>&amp;fui&#39;fflssffiff</strong></span> <span class='ocrx_word' id='word_1_383' title='bbox 1049 2962 1166 3030; x_wconf 63' lang='lat'><strong>⁹233?</strong></span> <span class='ocrx_word' id='word_1_384' title='bbox 1179 2951 1663 3029; x_wconf 45' lang='lat' dir='ltr'><strong>Jssssffssssuinffifflfflssfflc?</strong></span> <span class='ocrx_word' id='word_1_385' title='bbox 1687 2950 1886 3024; x_wconf 44' lang='lat' dir='ltr'><strong>“³5⁶³ssssss</strong></span> 
     </span>
    </p>

    <p class='ocr_par' dir='ltr' id='par_1_12' title="bbox 171 3004 1888 3133">
     <span class='ocr_line' id='line_1_44' title="bbox 280 3018 1007 3042; baseline -0.025 0"><span class='ocrx_word' id='word_1_386' title='bbox 280 3027 290 3042; x_wconf 79' lang='lat'><em>2</em></span> <span class='ocrx_word' id='word_1_387' title='bbox 730 3024 738 3038; x_wconf 86' lang='lat'><strong>,</strong></span> <span class='ocrx_word' id='word_1_388' title='bbox 993 3018 1007 3024; x_wconf 88' lang='grc'><strong>.-</strong></span> 
     </span>
     <span class='ocr_line' id='line_1_45' title="bbox 171 3004 1888 3090; baseline -0.008 -10"><span class='ocrx_word' id='word_1_389' title='bbox 171 3054 227 3090; x_wconf 85' lang='lat' dir='ltr'><strong>get</strong></span> <span class='ocrx_word' id='word_1_390' title='bbox 240 3057 366 3079; x_wconf 85' lang='lat' dir='ltr'><strong>curvam</strong></span> <span class='ocrx_word' id='word_1_391' title='bbox 386 3047 420 3077; x_wconf 83' lang='lat' dir='ltr'><strong>in</strong></span> <span class='ocrx_word' id='word_1_392' title='bbox 436 3046 479 3084; x_wconf 83' lang='lat' dir='ltr'><strong>A,</strong></span> <span class='ocrx_word' id='word_1_393' title='bbox 504 3045 581 3080; x_wconf 79' lang='lat' dir='ltr'><strong>alter</strong></span> <span class='ocrx_word' id='word_1_394' title='bbox 602 3050 708 3077; x_wconf 84' lang='lat' dir='ltr'><strong>autem</strong></span> <span class='ocrx_word' id='word_1_395' title='bbox 729 3044 816 3075; x_wconf 83' lang='lat' dir='ltr'><strong>radio</strong></span> <span class='ocrx_word' id='word_1_396' title='bbox 843 3044 870 3074; x_wconf 92' lang='lat' dir='ltr'>C</span> <span class='ocrx_word' id='word_1_397' title='bbox 887 3044 926 3078; x_wconf 83' lang='lat' dir='ltr'><strong>B,</strong></span> <span class='ocrx_word' id='word_1_398' title='bbox 952 3041 1007 3072; x_wconf 89' lang='lat' dir='ltr'><strong>de-</strong></span> <span class='ocrx_word' id='word_1_399' title='bbox 1049 3010 1239 3072; x_wconf 56' lang='lat' dir='ltr'><strong>§sculabitur</strong></span> <span class='ocrx_word' id='word_1_400' title='bbox 1265 3039 1300 3069; x_wconf 91' lang='lat' dir='ltr'><strong>in</strong></span> <span class='ocrx_word' id='word_1_401' title='bbox 1331 3039 1373 3076; x_wconf 79' lang='lat' dir='ltr'><strong>A,</strong></span> <span class='ocrx_word' id='word_1_402' title='bbox 1403 3037 1452 3068; x_wconf 88' lang='lat' dir='ltr'><strong>vel</strong></span> <span class='ocrx_word' id='word_1_403' title='bbox 1482 3038 1525 3076; x_wconf 88' lang='lat' dir='ltr'><strong>B,</strong></span> <span class='ocrx_word' id='word_1_404' title='bbox 1558 3004 1888 3077; x_wconf 56' lang='lat' dir='ltr'><strong>adeodugmcurvatum</strong></span> 
     </span>
     <span class='ocr_line' id='line_1_46' title="bbox 172 3077 1885 3133; baseline -0.008 -10"><span class='ocrx_word' id='word_1_405' title='bbox 172 3091 304 3133; x_wconf 76' lang='lat' dir='ltr'><strong>scriptus</strong></span> <span class='ocrx_word' id='word_1_406' title='bbox 316 3094 423 3133; x_wconf 81' lang='lat' dir='ltr'><strong>tanget</strong></span> <span class='ocrx_word' id='word_1_407' title='bbox 437 3088 553 3120; x_wconf 80' lang='lat' dir='ltr'><strong>camin</strong></span> <span class='ocrx_word' id='word_1_408' title='bbox 568 3088 609 3121; x_wconf 88' lang='grc' dir='ltr'><strong>Β.</strong></span> <span class='ocrx_word' id='word_1_409' title='bbox 658 3087 691 3120; x_wconf 82' lang='lat' dir='ltr'><strong>Si</strong></span> <span class='ocrx_word' id='word_1_410' title='bbox 709 3086 804 3120; x_wconf 79' lang='lat' dir='ltr'><strong>ad&#39;se</strong></span> <span class='ocrx_word' id='word_1_411' title='bbox 824 3083 937 3117; x_wconf 69' lang='lat' dir='ltr'><strong>mutuo</strong></span> <span class='ocrx_word' id='word_1_412' title='bbox 957 3094 1008 3115; x_wconf 85' lang='lat' dir='ltr'><strong>ac-</strong></span> <span class='ocrx_word' id='word_1_413' title='bbox 1050 3083 1142 3114; x_wconf 84' lang='lat' dir='ltr'><strong>lineae</strong></span> <span class='ocrx_word' id='word_1_414' title='bbox 1160 3083 1204 3127; x_wconf 15' lang='lat' dir='ltr'><strong>,A</strong></span> <span class='ocrx_word' id='word_1_415' title='bbox 1235 3081 1272 3120; x_wconf 92' lang='lat' dir='ltr'><strong>F,</strong></span> <span class='ocrx_word' id='word_1_416' title='bbox 1308 3081 1342 3112; x_wconf 80' lang='lat' dir='ltr'><strong>in</strong></span> <span class='ocrx_word' id='word_1_417' title='bbox 1379 3080 1422 3120; x_wconf 78' lang='lat' dir='ltr'><strong>A,</strong></span> <span class='ocrx_word' id='word_1_418' title='bbox 1460 3086 1506 3112; x_wconf 83' lang='lat' dir='ltr'><strong>est</strong></span> <span class='ocrx_word' id='word_1_419' title='bbox 1543 3080 1578 3111; x_wconf 88' lang='lat' dir='ltr'><strong>in</strong></span> <span class='ocrx_word' id='word_1_420' title='bbox 1611 3079 1730 3112; x_wconf 68' lang='lat' dir='ltr'><strong>natione</strong></span> <span class='ocrx_word' id='word_1_421' title='bbox 1764 3077 1885 3110; x_wconf 54' lang='lat' dir='ltr'><strong>iuvem&amp;</strong></span> 
     </span>
    </p>
   </div>
   <div class='ocr_carea' id='block_1_10' title="bbox 1131 2063 1778 2898">
    <p class='ocr_par' dir='ltr' id='par_1_13' title="bbox 1131 2063 1778 2898">
     <span class='ocr_line' id='line_1_47' title="bbox 1131 2063 1778 2898; baseline 0 0"><span class='ocrx_word' id='word_1_422' title='bbox 1131 2063 1778 2898; x_wconf 95' lang='lat' dir='ltr'><strong> </strong></span> 
     </span>
    </p>
   </div>
  </div>
 </body>
</html>
