2086 3542
148 234 294 285 Lam
311 232 524 289 ammos]
611 225 929 270 PRINCIPIA
970 198 1462 266 MATHEMATICA.
1759 223 1842 264 209

143 346 392 398 trochoides)
407 340 653 400 geometrice
673 338 940 381 irrationales.
1000 337 1112 378 Nam
1143 324 1420 390 longitudines
1448 347 1541 388 quae
1561 340 1657 372 sunt
1675 332 1740 373 vel
1758 345 1845 373 nou

143 427 239 459 sunt
271 424 318 457 ut
346 427 539 455 numerus
571 411 625 452 ad
653 423 872 451 numerum
891 404 1256 463 (quemadmodum
1280 403 1325 444 in
1354 403 1516 444 decimo
1531 401 1844 453 elementorum)
1868 443 1869 446 Ἴ

144 495 239 529 sunt
266 483 520 528 arithmetice
539 480 758 523 rationales
778 478 844 520 vel
872 475 1142 518 irrationales.
1201 474 1357 516 Aream
1375 472 1502 528 igitur
1527 471 1717 525 ellipseos
1743 480 1847 512 tem-

144 560 236 615 pori
283 552 635 611 proportionalem
673 549 871 593 abscindo
917 562 995 603 per
1044 559 1211 589 curvam
1259 541 1516 602 geometrice
1569 541 1845 583 irrationalem

149 637 195 670 ut
212 626 406 685 sequitur.

393 836 766 883 PROPOSITIO
798 834 974 878 XXXI.
1042 830 1387 875 PROBLEMA
1418 829 1597 872 XXIII.

149 1014 334 1068 Corporis
373 1013 417 1052 z'n
446 1009 543 1051 data
572 1006 799 1063 trey‘ectorid
825 1004 1000 1060 ellipticd
1030 1005 1124 1046 moti
1143 1004 1319 1046 invenire
1347 1004 1466 1044 locum
1493 1004 1551 1044 ad
1568 1008 1714 1057 tempus
1732 1004 1855 1059 assig-

941 1082 1087 1117 natum.

187 1224 410 1279 'Ellipseos
432 1220 559 1265 APB

150 1295 205 1336 sit
219 1296 261 1336 A
280 1303 422 1336 vertex
445 1295 560 1349 prin-

149 1365 304 1421 cipalis,
337 1366 368 1407 S
396 1364 561 1405 umbili-

149 1450 235 1487 cuS,
285 1443 328 1477 et
376 1434 417 1476 O
466 1448 562 1475 cen-

153 1514 276 1557 trum,
334 1506 466 1561 sitque
527 1504 563 1545 P

151 1577 337 1633 corporis
370 1577 484 1617 locus
499 1576 564 1616 in-

149 1647 386 1690 veniendus.
459 1647 565 1688 Pro-

150 1718 238 1760 duc
269 1718 310 1760 O
351 1719 392 1760 A
421 1717 475 1759 ad
507 1716 563 1761 G,

149 1797 197 1831 ut
233 1789 286 1831 sit
339 1788 381 1830 O
421 1787 465 1830 G
512 1786 567 1828 ad

152 1860 194 1903 O
215 1860 257 1902 A
289 1866 336 1901 ut
356 1859 398 1902 O
434 1859 475 1900 A
514 1857 568 1899 ad

153 1931 194 1974 O
217 1932 260 1974 S.
320 1926 447 1988 Erig'e
475 1930 816 1986 perpendiculum
867 1930 912 1973 G
951 1931 1013 1981 H,
1060 1938 1283 1986 centroque
1324 1931 1366 1973 O
1400 1938 1442 1972 et
1480 1930 1696 1971 intervallo
1737 1930 1778 1973 O
1819 1931 1863 1973 G

151 2002 338 2043 describe
377 1996 575 2042 circulum
616 2001 659 2043 G
699 2001 738 2043 E
780 2000 827 2051 F,
869 2009 912 2042 et
951 2016 1075 2056 super
1114 2001 1259 2057 regula
1284 2001 1327 2044 G
1363 2001 1422 2052 H,
1464 2016 1540 2043 ceu
1578 2000 1722 2052 fundo,
1763 2016 1861 2056 pro-

151 2077 364 2135 grediatur
397 2085 487 2118 rota
519 2077 562 2118 G
583 2076 622 2118 E
647 2077 683 2118 F
714 2076 964 2119 revolvendo
997 2076 1106 2122 circa
1132 2090 1254 2117 axem
1271 2086 1418 2125 suum,
1450 2083 1490 2117 et
1521 2076 1678 2116 interea
1707 2083 1864 2130 puncto

152 2163 227 2190 suo
249 2149 290 2190 A
310 2147 579 2189 describendo
609 2146 866 2188 trochoidem
888 2147 929 2187 A
950 2146 988 2187 L
1011 2147 1045 2187 Ι.
1107 2146 1206 2195 Quo
1226 2145 1345 2196 facto,
1378 2159 1478 2200 cape
1497 2146 1541 2187 G
1563 2145 1605 2186 K
1640 2146 1685 2185 in
1704 2146 1863 2187 ratione

151 2221 205 2263 ad
219 2229 322 2262 rotae
341 2220 608 2275 perimetrum
627 2219 670 2262 G
683 2219 721 2260 E
735 2220 771 2260 F
786 2219 842 2270 G,
863 2227 910 2260 ut
925 2228 988 2261 est
1007 2228 1182 2274 tempus,
1215 2233 1298 2275 quo
1319 2233 1468 2274 corpus
1479 2219 1789 2275 progrediendo
1810 2219 1864 2260 ab

152 2292 192 2333 A
214 2288 428 2346 descripsit
456 2304 502 2331 ai
504 2305 599 2331 cum
632 2290 673 2330 A
691 2289 739 2340 P,
771 2289 824 2330 ad
843 2297 1006 2344 tempus
1034 2289 1300 2330 revolutionis
1322 2290 1442 2330 unius
1462 2290 1506 2330 in
1536 2289 1683 2343 ellipsi.
1716 2289 1863 2346 Eriga-

151 2370 220 2404 tur
258 2360 603 2416 perpendiculum
641 2359 684 2400 K
715 2359 754 2401 L
783 2374 1002 2401 occurrens
1031 2358 1239 2401 trochoidi
1272 2359 1315 2399 in
1345 2359 1398 2410 L,
1436 2368 1477 2401 et
1505 2367 1598 2400 acta
1635 2359 1675 2400 L
1711 2359 1748 2400 P
1785 2360 1866 2447 ipsi

154 2430 196 2473 K
211 2432 253 2474 G
265 2431 462 2487 parallela
476 2438 665 2472 occurret
703 2430 867 2484 ellipsi
855 2445 900 2471 ιιι
920 2430 1104 2485 corporis
1123 2429 1217 2470 loco
1237 2429 1411 2485 quaesito
1433 2429 1482 2470 P.

209 2502 321 2544 Nam
340 2509 483 2543 centio
503 2501 564 2553 Ο,
587 2501 802 2542 intervallo
820 2500 860 2542 O
875 2502 916 2542 A
932 2501 1188 2543 describatur
1208 2500 1486 2542 semicirculus
1503 2501 1545 2542 A
1559 2501 1602 2551 Q
1617 2501 1667 2552 B,
1690 2509 1732 2542 et
1751 2515 1797 2542 al
1799 2504 1864 2544 cui

596 1819 641 1860 H

153 2618 192 2690 siPt
210 2628 299 2649 arcus
315 2619 346 2649 A
359 2619 434 2650 Nin
447 2618 565 2650 ratione
576 2619 736 2650 indefinita
743 2625 835 2650 rectae
847 2620 874 2650 P
890 2621 920 2651 G
941 2620 982 2650 ad
1023 2619 1150 2651 tificatio
1161 2619 1250 2651 arcus
1268 2620 1298 2650 A
1317 2619 1358 2657 N,
1382 2620 1555 2660 aequatione
1579 2620 1667 2652 finitfi
1680 2620 1865 2662 generaliter

198 2661 402 2744 M'aessuaq
345 2661 452 2692 tioilla
466 2661 626 2692 finitaesse
637 2662 752 2702 nequit.
787 2661 875 2702 Ergo
890 2673 983 2693 curva
1025 2663 1161 2694 exhiberi
1176 2672 1237 2692 non
1254 2668 1361 2702 potest.
1407 2663 1448 2699 Q.
1463 2673 1489 2693 e.
1507 2663 1541 2693 d.
1867 2694 1874 2699 ,

365 2703 405 2733 ua
433 2713 521 2734 arcus
544 2704 674 2744 quilibet
706 2704 736 2734 A
754 2704 787 2734 N
806 2704 841 2733 in
869 2705 987 2735 ratione
1073 2708 1145 2736 865.
1173 2705 1261 2735 Hinc
1289 2710 1373 2744 patet
1397 2715 1505 2735 curvas
1527 2715 1634 2735 omnes
1654 2716 1787 2745 quarum
1811 2708 1866 2739 de-

154 2743 261 2784 quavis
277 2745 305 2775 P
322 2714 364 2775 Gq
377 2745 417 2775 ad
434 2746 462 2775 P
479 2746 517 2775 M
531 2756 586 2785 per
614 2746 744 2776 eandem
772 2756 892 2785 semper
913 2757 987 2777 con·
1030 2747 1154 2786 scriptio
1167 2747 1281 2786 pendet
1296 2757 1314 2777 a
1327 2746 1513 2786 quadratura
1522 2747 1571 2777 vel
1583 2748 1798 2780 rectificatione
1806 2751 1863 2781 eir-

154 2786 353 2816 structionem
367 2787 512 2818 dividitur
526 2787 718 2828 geometrice,
742 2788 898 2819 rationalis
923 2799 988 2819 non
1030 2789 1093 2820 culi
1109 2795 1139 2819 et
1165 2789 1302 2819 'ovalium
1317 2788 1478 2819 indefinita
1499 2789 1605 2829 quales
1631 2796 1703 2820 sunt
1719 2791 1862 2842 spii-ales,

155 2833 219 2864 δη
242 2827 296 2858 sed
309 2829 335 2858 si
359 2839 447 2859 arcus
464 2829 494 2859 A
513 2831 545 2860 N
567 2836 598 2860 et
625 2837 779 2860 rectarum
797 2829 827 2861 A
846 2831 883 2868 P,
909 2831 938 2861 P
956 2830 988 2861 N
1031 2832 1248 2872 quadratrices,
1269 2831 1441 2861 trochoides
1462 2842 1527 2861 esse
1546 2831 1732 2871 geometrice
1745 2833 1865 2866 irratio-

153 2869 262 2900 relatio
281 2876 383 2909 posset
405 2872 575 2911 oequatione
599 2872 687 2903 finita
715 2872 854 2912 exprimi,
878 2873 987 2904 eadem
1029 2874 1123 2904 nales.
1147 2874 1198 2904 Ex
1214 2873 1430 2903 demonstratis
1455 2880 1559 2904 autem
1574 2873 1703 2904 minime
1728 2878 1866 2915 sequitur

155 2911 288 2952 aequatio
315 2912 469 2943 exhiberet
495 2923 618 2954 quoque
646 2914 823 2945 relationem
847 2916 986 2946 abscissae
1030 2916 1135 2946 circuli
1145 2921 1176 2946 et
1186 2915 1322 2946 ovalium
1330 2915 1547 2955 quadraturam
1557 2917 1602 2947 vel
1615 2916 1806 2949 recufltatior
1814 2929 1865 2951 em

157 2954 189 2984 A
222 2953 250 2983 P
277 2952 318 2983 ad
341 2953 513 2985 ordinatam
544 2956 572 2986 P
601 2957 648 2991 M,
672 2967 708 2987 ac
735 2957 866 2996 proinde
898 2968 992 2988 curva
1034 2957 1267 2988 determinatam
1275 2968 1329 2987 seu
1338 2957 1555 2997 quadraturam
1562 2959 1609 2990 vel
1616 2958 1864 2992 recutiat-orem

159 2997 192 3027 A
208 2995 247 3026 Μ
261 2995 295 3025 D
305 3000 383 3026 esset
396 2997 580 3042 geometrice
603 2998 770 3030 rationalis.
816 3000 905 3040 Ergo
925 3009 990 3030 rec·
1033 3000 1129 3030 totius
1140 2999 1236 3029 ovalis
1250 3005 1305 3029 aut
1315 2999 1464 3039 portionis
1479 2999 1564 3032 illius
1578 3001 1812 3036 determinatae·
1803 3017 1863 3037 im.

1034 3041 1210 3081 possibilem
1225 3051 1300 3072 esse.

202 3093 284 3126 Vox..
303 3094 332 3124 Ι.
979 3097 1009 3128 0
