2086 3542
254 257 334 293 346
658 241 1102 287 PHILOSOPHIAE
1134 237 1491 282 NATURALIS
1590 235 1730 288 [Μαι.
1753 235 1942 277 Coenon.

253 367 329 408 erit
348 366 391 405 in
410 363 504 406 data
523 361 680 404 ratione
699 360 752 402 ad
771 367 932 402 motum
950 357 1130 398 medium
1161 355 1391 403 nodorum3
1420 360 1462 395 et
1494 360 1629 394 motus
1663 358 1835 406 uterque
1865 350 1945 391 erit

254 444 301 477 ut
319 444 478 488 tempus
496 428 752 488 periodicum
771 429 954 484 corporis
977 427 1011 469 P
1030 425 1184 468 directe
1204 432 1246 467 et
1264 423 1509 480 quadratum
1537 421 1732 476 temporis
1750 418 1947 474 periodici

255 504 437 559 corporis
458 503 500 544 T
518 500 690 544 inverse.
751 498 959 556 Augendo
978 497 1042 538 vel
1061 494 1285 537 minuendo
1304 492 1649 536 excentricitatem
1678 498 1720 532 et
1746 487 1962 535 inclinati-2

255 588 377 616 onem
394 573 507 614 orbis
529 572 566 614 P
585 572 627 613 A
649 571 686 612 B
706 568 760 625 (s)
794 582 879 609 non
898 573 1107 607 mutantur
1126 572 1260 608 motus
1281 563 1396 620 augis
1416 571 1458 604 et
1472 562 1675 605 nodorum
1690 558 1947 608 sensibiliter,

255 644 332 691 nisi
352 643 422 684 ubi
441 642 597 684 eaedem
617 648 712 683 sunt
730 638 852 681 nimis
871 649 1044 692 magnae.

259 1259 272 1274 ‘
321 1261 448 1304 Corol.
475 1263 539 1304 17.
573 1258 681 1300 Cum
701 1264 838 1299 autem
858 1256 966 1298 linea
987 1257 1025 1299 L
1047 1256 1099 1300 M
1118 1270 1227 1299 nunc
1248 1257 1378 1313 major
1400 1259 1453 1301 sit
1469 1271 1579 1300 nunc
1599 1258 1735 1300 minor
1754 1272 1878 1315 quam
1893 1242 1958 1300 ra-

261 1331 351 1373 dius
378 1331 414 1373 P
434 1329 488 1381 T,
510 1335 742 1384 exponatur
760 1328 820 1370 vis
841 1327 1058 1370 mediocris
1079 1327 1116 1369 L
1139 1328 1190 1371 M
1221 1342 1296 1382 per
1327 1327 1486 1369 radium
1521 1328 1638 1370 illum
1659 1328 1694 1370 P
1714 1328 1756 1370 T
1767 1340 1780 1374 ;
1812 1326 1857 1369 et*
1883 1329 1964 1371 erit

261 1403 353 1443 haec
373 1401 426 1443 ad
458 1400 540 1441 vim
571 1398 822 1440 mediocrem
857 1398 888 1440 S
910 1398 952 1439 K
972 1398 1037 1440 vel
1059 1398 1089 1440 S
1110 1398 1153 1439 N
1183 1401 1322 1454 (quam
1343 1412 1550 1453 exponere
1569 1398 1664 1440 licet
1682 1412 1757 1453 per
1778 1399 1809 1441 S
1828 1398 1886 1451 T)
1915 1405 1963 1440 ut

262 1470 478 1527 longitudo
501 1469 535 1511 P
557 1468 599 1510 T
618 1468 670 1509 ad
689 1466 989 1524 longitudinem
1012 1468 1042 1509 S
1063 1467 1116 1508 T.
1177 1466 1255 1509 Est
1274 1475 1410 1509 autem
1439 1467 1498 1509 vis
1528 1467 1744 1513 mediocris
1776 1468 1806 1510 S
1827 1467 1870 1516 N
1898 1459 1966 1509 vel'

265 1542 295 1583 S
317 1541 370 1590 T,
393 1539 473 1595 qua
494 1553 643 1593 corpus
665 1538 706 1579 T
725 1537 924 1579 retinetur
943 1538 987 1578 in
1007 1537 1107 1579 orbe
1127 1551 1203 1579 suo
1223 1538 1377 1579 circum
1399 1537 1442 1588 S,
1464 1538 1518 1579 ad
1539 1538 1634 1588 vim,
1656 1538 1737 1594 qua
1757 1552 1905 1593 corpus
1927 1537 1965 1580 P

263 1610 462 1652 retinetur
482 1609 526 1649 in
546 1608 646 1650 orbe
666 1622 740 1649 suo
759 1607 914 1648 circum
934 1607 988 1657 T,
1020 1607 1072 1662 (ἔ)
1093 1607 1136 1648 in
1155 1608 1313 1649 ratione
1334 1607 1556 1663 composita
1586 1623 1639 1650 ex
1670 1608 1827 1650 ratione
1860 1607 1965 1653 radii

267 1683 296 1724 S
318 1682 372 1732 T,
394 1681 447 1722 ad
466 1681 628 1722 radium
650 1679 684 1721 P
705 1679 758 1730 T,
781 1687 828 1722 et
841 1679 1000 1720 ratione
1026 1678 1232 1734 duplicata
1263 1680 1458 1735 temporis
1485 1680 1684 1735 periodici
1712 1669 1896 1736 corporis
1928 1678 1964 1721 P

265 1753 420 1794 circum
441 1752 483 1793 T
502 1751 555 1793 ad
573 1759 736 1806 tempus
756 1750 1012 1805 periodicum
1032 1750 1214 1804 corporis
1236 1750 1277 1791 T
1296 1751 1450 1792 circum
1472 1751 1513 1792 S.
1574 1751 1629 1793 Et
1646 1766 1701 1796 ex
1739 1765 1874 1807 aequo,
1905 1751 1966 1792 vis

265 1821 482 1863 mediocris
503 1821 542 1863 L
563 1821 616 1863 M
635 1820 689 1862 ad
708 1820 805 1870 vim,
826 1819 907 1874 qua
940 1833 1088 1874 corpus
1125 1819 1160 1860 P
1194 1819 1392 1867 retinetur
1425 1819 1468 1860 in
1499 1820 1600 1862 orbe
1632 1835 1708 1863 suo
1738 1821 1891 1862 circum
1924 1820 1966 1862 T

267 1891 416 1948 (quave
431 1905 579 1946 corpus
598 1890 708 1931 idem
730 1890 779 1940 P,
802 1889 948 1930 eodem
968 1897 1154 1943 tempore
1173 1889 1396 1944 periodico,
1413 1890 1567 1931 circum
1578 1899 1777 1945 punctum
1793 1889 1967 1947 quodvis

266 1962 476 2004 immobile
497 1961 538 2002 T
559 1960 613 2002 ad
632 1960 864 2001 distantiam
889 1960 925 2001 P
940 1959 982 2001 T
996 1959 1149 2000 revolvi
1167 1961 1320 2014 posset)
1351 1968 1413 2001 est
1431 1961 1475 2001 in
1494 1961 1652 2003 ratione
1670 1960 1740 2004 illa
1761 1955 1976 2016 duplicata

268 2035 573 2090 periodicorum
602 2041 848 2087 temporum.
906 2031 1030 2072 Datis
1060 2030 1185 2087 igitur
1219 2031 1473 2086 temporibus
1506 2032 1724 2086 periodicis
1758 2031 1841 2074 una
1873 2047 1969 2074 cum

266 2106 461 2148 distantia
482 2105 518 2146 P
539 2104 592 2154 T,
616 2103 737 2144 datur
756 2102 816 2143 vis
837 2101 1055 2143 mediocris
1077 2101 1114 2142 L
1137 2100 1212 2150 M3
1246 2100 1296 2156 (¹¹)
1328 2110 1369 2143 et
1388 2101 1435 2143 eii
1465 2101 1574 2153 data,
1606 2102 1727 2145 datur
1755 2103 1878 2145 etiam
1907 2103 1968 2145 vis

270 2177 322 2219 M
344 2177 387 2218 N
406 2189 530 2232 quam
549 2172 739 2229 proxime
758 2187 834 2228 per
853 2172 1084 2229 analogiam
1103 2172 1303 2214 linearum
1327 2171 1361 2213 P
1382 2172 1435 2223 T,
1460 2172 1510 2214 M
1531 2173 1584 2215 N.
1933 2171 1936 2174 ’

268 2275 339 2306 laris
359 2274 447 2316 augis
471 2280 503 2306 et
526 2272 679 2304 nodorum
699 2278 737 2303 ut
761 2277 884 2312 tempus
906 2271 1097 2311 periodicum

269 2318 403 2358 corporis
419 2317 448 2348 P
461 2315 575 2347 directe
590 2322 621 2346 et
635 2314 819 2355 quadratum
833 2313 978 2353 temporis
998 2312 1097 2352 perio-

270 2360 331 2391 dici
353 2358 486 2398 corporis
502 2358 532 2389 T
553 2356 689 2395 inverse;
722 2362 753 2387 et
766 2355 839 2386 inde
853 2362 956 2386 motus
978 2355 1098 2386 medius

270 2401 358 2442 augis
387 2407 417 2433 et
445 2400 608 2436 nodorum,
637 2399 692 2439 qui
716 2404 789 2429 sunt
811 2399 902 2428 ambo
928 2403 964 2428 ut
988 2397 1096 2428 eadem

270 2443 431 2484 quantitas,
449 2453 503 2473 seu
518 2448 554 2473 ut
567 2448 689 2480 tempus
705 2440 893 2481 periodicum
913 2440 1047 2479 corporis
1070 2439 1097 2469 P

272 2483 385 2516 directe
400 2491 430 2516 et
444 2484 627 2524 quadratum
641 2483 786 2522 temporis
798 2481 945 2521 periodici
966 2481 1098 2521 corporis

274 2528 304 2558 T
317 2526 443 2563 inverse,
459 2526 563 2556 damn
577 2526 690 2556 habeut
703 2524 741 2555 ad
757 2534 789 2554 se
802 2522 914 2554 mutuo
928 2524 1085 2554 rationem.

316 2569 363 2641 SUI
381 2572 398 2588 ‘
423 2570 500 2600 Non
513 2573 686 2604 mutantur,
707 2567 763 2596 διο.
811 2566 894 2596 Nam
909 2565 987 2596 vires
1003 2565 1040 2595 M
1058 2564 1097 2600 L,

275 2612 308 2643 N
376 2617 520 2641 motuum
540 2609 629 2650 augis
653 2615 685 2639 et
706 2608 859 2638 nodorum
884 2606 1098 2647 productrices,

273 2653 390 2684 caeoeris
403 2651 561 2686 stantibus,
578 2660 642 2681 non
655 2650 789 2680 multum
804 2655 974 2687 mutantur,
996 2648 1021 2679 si
1044 2658 1100 2678 au-

274 2703 382 2736 geatur
402 2695 450 2725 vel
473 2694 631 2724 minuatur
655 2691 865 2723 excentricitas
889 2697 921 2722 et
944 2689 1102 2721 inclinatio

275 2738 355 2768 orbis
372 2737 400 2768 P
418 2738 447 2768 Α
466 2737 505 2773 Β,
521 2735 578 2765 nisi
587 2744 702 2775 magna
711 2734 783 2764 satis
793 2733 887 2764 fuerit
896 2731 1097 2765 illummatio,

276 2785 311 2809 ut
325 2784 408 2818 patet
430 2788 467 2808 ex
493 2777 609 2808 ratione
633 2776 695 2816 qua
720 2775 798 2805 vires
822 2775 884 2806 illae
901 2775 939 2806 M
955 2774 993 2810 L,
1012 2775 1046 2805 N
1062 2774 1101 2804 M

280 2821 372 2859 Prop.
391 2825 442 2852 66.
461 2819 713 2851 determinantur.

321 2863 364 2902 (Β)
389 2865 405 2881 ‘
430 2864 472 2894 In
499 2863 614 2892 ratione
643 2859 801 2900 compositi
830 2870 864 2890 ex
887 2860 1001 2890 rulime
1025 2859 1103 2888 radii

279 2907 300 2934 S
319 2907 352 2939 T,
369 2905 423 2934 &c.
472 2904 555 2934 Nam
578 2904 647 2944 (per
664 2902 735 2933 Cor.
749 2905 779 2931 2.
807 2901 899 2940 Prop-
915 2900 963 2940 4.)
985 2899 1030 2930 vis
1053 2909 1102 2930 ac-

278 2945 433 2976 celerati-ix
455 2945 614 2976 mediocris
642 2944 663 2974 S
679 2944 708 2974 T
732 2943 794 2984 qua
819 2952 929 2983 corpus
945 2942 973 2973 T
987 2942 1104 2973 circum

282 2989 303 3018 S
318 2987 356 3018 ad
371 2987 543 3017 distantiam
562 2987 584 3017 S
600 2986 629 3017 T
644 2985 794 3016 circulum
808 2985 857 3015 vel
871 2986 974 3015 orbem
989 2983 1105 3015 circulo

279 3029 447 3060 finitimum
456 3028 622 3059 describere
633 3027 824 3067 supponitur,
838 3033 883 3058 est
897 3026 936 3058 ud
945 3026 1007 3058 vim
1023 3026 1105 3058 simi-

1139 2272 1201 2303 lem
1219 2271 1282 2313 qufi
1296 2282 1406 2312 eorpus
1422 2273 1451 2304 P
1463 2273 1497 2304 in
1511 2274 1610 2305 orbita
1623 2274 1680 2306 sua
1692 2275 1834 2307 circulari
1846 2276 1895 2307 vel
1908 2277 1968 2309 ‹ir-

1140 2314 1211 2345 culo
1225 2314 1356 2345 finitima
1366 2315 1512 2346 retinetur
1520 2316 1553 2346 in
1567 2316 1683 2348 ratione
1693 2316 1861 2358 compositi
1869 2329 1909 2355 ez
1918 2329 1968 2350 ro-

1139 2357 1223 2387 tione
1237 2357 1314 2387 radii
1330 2358 1352 2388 S
1367 2357 1447 2388 Tad
1460 2358 1581 2388 radium
1595 2359 1623 2389 P
1635 2358 1797 2396 Tdirecoe.
1809 2361 1967 2392 etntione

1138 2398 1294 2438 duplicata
1315 2399 1461 2438 temporis
1482 2400 1627 2439 periodici
1646 2401 1779 2440 corporis
1801 2402 1831 2433 T
1850 2399 1968 2437 αἰπεινὴ

1143 2442 1174 2475 S,
1198 2440 1238 2470 ad
1252 2446 1374 2481 tempus
1387 2441 1575 2481 periodicum
1597 2443 1730 2483 eorporis
1746 2443 1774 2474 P
1787 2443 1903 2475 cirum
1926 2444 1966 2480 T.

1140 2481 1267 2513 inverse.
1316 2482 1421 2520 Quare
1438 2483 1484 2513 vis
1503 2484 1586 2522 prior
1607 2491 1653 2516 est
1673 2485 1713 2516 ad
1726 2485 1920 2525 ponet-iarun
1933 2485 1967 2516 ‘n

1140 2524 1258 2554 ratione
1282 2525 1449 2565 composita
1471 2535 1508 2555 ex
1534 2527 1651 2558 ratione
1677 2527 1753 2558 radii
1768 2527 1791 2558 S
1806 2528 1836 2558 Τ
1856 2527 1897 2558 ιὰ
1918 2537 1967 2559 η-

1141 2566 1229 2596 dium
1252 2566 1280 2597 P
1296 2568 1333 2604 Τ,
1360 2573 1391 2597 et
1413 2568 1530 2598 ratione
1552 2568 1706 2608 duplicata
1726 2569 1968 2610 tempori-peri-

1142 2607 1223 2638 odici
1244 2609 1378 2648 eorporis
1395 2609 1423 2639 P
1436 2609 1475 2640 ad
1494 2616 1617 2650 tempus
1632 2609 1821 2651 periodicum
1834 2610 1970 2651 eor-potis

1145 2650 1174 2680 T
1182 2661 1192 2687 ;
1215 2659 1350 2691 cumque
1368 2651 1406 2682 sit
1428 2652 1530 2689 etiam,
1553 2662 1590 2682 ex
1615 2653 1721 2689 Dem„
1743 2652 1792 2683 vis
1807 2652 1970 2685 mediocri·

1145 2691 1282 2722 LMad
1305 2693 1368 2723 vim
1389 2693 1574 2724 mediocrem
1597 2694 1672 2730 ST,
1694 2694 1967 2733 utPTulsT,

1143 2733 1201 2763 erit
1224 2744 1279 2773 per
1303 2735 1552 2774 compositionem
1576 2735 1729 2766 rationum
1752 2742 1784 2767 et
1806 2746 1845 2768 ex
1868 2747 1968 2779 aqum,

1143 2775 1188 2805 vis
1202 2776 1364 2807 mediocris
1380 2777 1408 2807 L
1425 2777 1473 2813 M,
1497 2777 1536 2807 ad
1557 2778 1619 2808 vim
1644 2777 1883 2810 accelerata-iem
1907 2778 1970 2820 qui

1143 2827 1255 2856 corpus
1280 2818 1309 2849 P
1331 2819 1478 2849 retinetur
1500 2819 1532 2848 in
1557 2821 1630 2850 orbe
1648 2829 1705 2850 suo
1729 2820 1845 2851 circum
1869 2821 1908 2858 T,
1933 2827 1970 2852 ut

1143 2859 1327 2899 quadratum
1343 2861 1485 2899 temporis
1498 2861 1642 2899 periodici
1664 2862 1796 2902 eorporis
1814 2863 1840 2893 P
1854 2863 1969 2894 cirmm

1146 2901 1176 2931 Τ
1190 2900 1229 2931 ad
1249 2901 1432 2974 qtgadratum
1457 2903 1602 2942 temporis
1626 2903 1770 2943 periodici
1792 2904 1925 2944 eorporis
1939 2904 1970 2935 T

1145 2952 1260 2973 circum
1300 2964 1308 2973 .

1150 2984 1280 3067 (5830*
1305 2987 1348 3018 Ee
1378 2985 1412 3018 ea
1443 2986 1525 3024 daed,
1555 2987 1645 3019 datur
1674 2988 1765 3020 etiam
1793 2988 1838 3019 vis
1869 2989 1901 3020 N
1931 2987 1969 3020 M
