2158 3562
830 226 1178 270 PRAEFATIO.
1767 227 1854 268 xvii

137 359 185 388 su
203 342 259 385 ad
286 349 488 392 centrum,
509 341 686 384 diminui
706 341 751 383 in
770 357 936 385 recessu
955 343 1010 386 ab
1031 342 1206 384 eodem:
1236 350 1280 384 et
1298 342 1442 400 augeri
1456 342 1625 398 quidem
1644 345 1686 384 in
1707 343 1853 387 eadem

87 465 89 467 ,
137 407 508 475 proportione‘qua
527 418 772 461 diminuitur
791 419 1039 476 quadratum
1059 418 1279 468 distantiae,
1303 417 1479 459 diminui
1505 418 1550 458 in
1580 417 1725 458 eadem
1754 433 1853 472 pro-

136 489 328 545 portione
358 491 441 546 quz'i
470 491 675 533 distantiae
709 491 960 548 quadratum
992 499 1182 548 augetur.
1243 489 1472 531 Videamus
1500 490 1604 544 jam,
1637 503 1854 544 compara-

137 563 252 605 tione
271 562 457 605 instituta
474 564 582 607 inter
601 564 865 620 planetarum
885 553 994 606 vires
1027 564 1278 619 centripetas
1298 570 1341 605 et
1359 562 1444 603 vim
1464 562 1692 619 gravitatiS‚
1714 575 1853 603 annon

138 636 326 691 ejusdem
345 636 458 679 forte
488 637 572 679 sint
599 637 777 695 generis.
839 638 1040 692 Ejusdem
1067 636 1169 678 vero
1193 635 1359 694 generis
1389 642 1525 684 erunt,
1558 634 1593 675 si
1621 633 1854 689 deprehen-

139 707 296 749 dantur
314 708 414 751 hinc
433 717 478 751 et
495 709 594 751 inde
613 709 727 767 leges
748 710 921 760 eaedem,
955 710 1197 766 eaedemque
1227 709 1479 763 affectiones.
1542 706 1686 748 Primo
1714 707 1855 763 itaque

137 780 268 830 lxmae,
299 795 394 837 quae
413 781 535 823 nobis
554 782 748 837 proxima
767 791 841 833 est,
873 783 957 824 vim
977 783 1246 838 centripetam
1270 780 1567 836 expendamus.

200 854 345 909 Spatia
362 854 590 905 rectilinea,
612 869 707 911 quae
726 870 751 896 a
771 855 1016 910 corporibus
1037 870 1061 897 e
1081 855 1219 911 quiete
1239 854 1429 895 demissis
1449 852 1548 894 dato
1569 859 1756 907 tempore
1777 851 1854 892 sub

142 926 235 982 ipso
273 935 412 968 motus
446 927 565 969 initio
596 927 901 979 describuntur,
932 928 1006 970 ubi
1039 944 1064 969 a
1094 928 1251 969 viribus
1286 927 1601 983 quibuscunque
1634 922 1854 982 urgentur,

138 999 470 1056 proportionalia
493 1009 591 1042 sunt
610 1001 711 1057 ipsis
743 1001 924 1043 viribus:
956 1001 1038 1043 hoc
1067 1002 1210 1058 utique
1240 999 1507 1056 consequitur
1534 1014 1590 1041 ex
1625 998 1856 1040 ratiociniis

142 1071 459 1114 mathematicis.
522 1058 615 1114 Erit
634 1073 762 1131 igitur
780 1073 842 1113 vis
870 1073 1099 1129 centripeta
1118 1058 1232 1113 lunae
1259 1072 1303 1113 in
1333 1071 1467 1113 orbita
1489 1071 1563 1112 sua
1585 1069 1851 1119 revolventis,

140 1144 194 1185 ad
222 1145 306 1185 vim
335 1145 549 1202 gravitatis
578 1146 622 1186 in
652 1145 871 1201 superficie
901 1154 1038 1197 terrae,
1075 1154 1122 1187 ut
1152 1145 1331 1201 spatium
1365 1145 1478 1201 quod
1507 1153 1698 1199 tempore
1727 1142 1852 1199 quam

139 1216 315 1258 minimo
335 1217 592 1260 describeret
620 1218 721 1259 luna
750 1219 1049 1260 descendendo
1076 1233 1154 1274 per
1182 1219 1266 1259 vim
1297 1218 1572 1272 centripetam
1601 1215 1745 1258 versus
1774 1226 1859 1258 ter-

139 1304 241 1342 ram,
277 1290 312 1332 si
352 1290 543 1332 circulari
581 1291 698 1332 omni
736 1300 855 1332 motu
888 1292 1046 1346 privari
1074 1291 1305 1348 fingeretur
1337 1290 1392 1331 ad
1422 1291 1604 1345 spatium
1633 1291 1750 1346 quod
1781 1306 1854 1332 eo-

139 1361 237 1403 dem
270 1370 457 1417 tempore
492 1362 618 1418 quam
650 1363 826 1404 minimo
872 1363 1070 1405 describit
1103 1378 1230 1420 grave
1261 1377 1414 1417 corpus
1447 1363 1492 1402 in
1531 1363 1682 1403 vicinia
1720 1370 1857 1413 terrae,

139 1449 217 1490 per
236 1435 321 1475 vim
336 1435 549 1491 gravitatis
571 1450 659 1476 suae
680 1435 880 1477 cadendo.
944 1437 1118 1478 Horum
1138 1436 1368 1491 spatiorum
1388 1435 1506 1490 prius
1527 1435 1691 1491 aequale
1711 1444 1774 1477 aet
1793 1450 1860 1476 ar-

139 1507 215 1549 cus
233 1523 260 1549 a
277 1508 379 1549 luna
398 1523 475 1564 per
494 1509 604 1550 idem
627 1518 791 1564 tempus
806 1507 1007 1563 descripti
1028 1508 1137 1550 sinui
1156 1523 1291 1559 verso,
1325 1508 1481 1564 quippe
1502 1504 1574 1564 qui
1593 1507 1706 1550 lunae
1725 1516 1861 1550 trans-
1891 1546 1893 1549 ,
1946 1552 1949 1554 μ

137 1579 336 1621 lationem
357 1579 411 1620 de
431 1588 641 1638 tangente,
667 1580 815 1622 factam
830 1597 855 1622 a
874 1580 915 1622 vi
936 1581 1177 1636 centripeta‚
1200 1580 1387 1630 metitur;
1419 1588 1544 1636 atque
1565 1579 1672 1621 adeo
1688 1595 1861 1636 compu-

137 1650 220 1692 tari
233 1658 374 1705 potest
391 1667 446 1694 ex
469 1651 577 1694 datis
609 1651 700 1694 tum
732 1653 846 1694 lunae
877 1661 1066 1708 tempore
1097 1652 1326 1708 periodico,
1358 1651 1449 1694 tum
1483 1652 1681 1694 distantia
1715 1654 1803 1709 ejus
1836 1668 1862 1695 a

142 1730 288 1764 centm
300 1730 440 1766 terrae.
502 1724 695 1780 Spatium
714 1725 922 1780 posterius
937 1725 1148 1767 invenitur
1167 1740 1245 1780 per
1257 1726 1545 1780 experimenta
1563 1726 1859 1781 pendulorum,

139 1795 492 1852 quamadmodum
511 1797 655 1839 docuit
684 1798 922 1855 Hugenius.
984 1798 1095 1841 Inito
1145 1799 1287 1855 itaque
1322 1797 1496 1850 calculo,
1530 1800 1713 1854 spatium
1742 1799 1861 1855 prius

140 1866 196 1908 ad
216 1868 395 1923 spatium
410 1869 631 1924 posterius,
654 1885 727 1911 seu
746 1870 809 1910 vis
830 1870 1062 1925 centripeta
1080 1870 1193 1912 lunae
1213 1870 1258 1911 in
1278 1870 1414 1912 orbita
1439 1885 1513 1912 sua
1533 1870 1784 1912 revolventis
1805 1870 1862 1912 ad

139 1939 224 1980 vim
238 1941 451 1998 gravitatis
471 1941 514 1982 in
535 1942 753 1997 superficie
772 1951 909 1993 tertre,
943 1943 1023 1985 erit
1052 1951 1100 1985 ut
1128 1943 1378 2000 quadratum
1410 1944 1707 1986 semidiametri
1737 1953 1863 1986 terrae

140 2011 197 2053 ad
209 2012 359 2054 orbitae
381 2013 678 2056 semidiametri
698 2015 960 2071 quadratum.
1013 2015 1203 2058 Eandem
1223 2015 1350 2058 habet
1370 2017 1588 2068 rationem,
1611 2032 1688 2072 per
1703 2033 1753 2059 ea
1767 2031 1863 2074 quae

128 2082 335 2141 ‘superius
371 2085 661 2137 ostenduntur,
691 2087 753 2129 vis
783 2088 1015 2143 centripeta
1043 2088 1156 2130 lunae
1186 2089 1231 2130 in
1261 2089 1397 2132 orbita
1427 2105 1502 2131 sua
1532 2090 1781 2132 revolventis
1808 2089 1863 2131 ad

139 2155 228 2197 vim
247 2155 362 2196 lunae
391 2158 664 2212 centripetam
697 2159 831 2215 prope
863 2168 986 2202 terrae
1017 2161 1294 2216 superficiem.
1355 2162 1431 2203 Vis
1458 2162 1599 2219 itaque
1634 2163 1863 2219 centripeta

141 2227 276 2284 prope
296 2237 422 2270 terrae
443 2231 708 2284 superficiem
727 2233 899 2289 aequalis
920 2241 985 2275 est
1004 2235 1045 2275 vi
1063 2235 1290 2292 gravitatis.
1336 2236 1436 2278 Non
1452 2252 1554 2294 ergo
1574 2237 1751 2279 diversae
1767 2244 1864 2278 sunt

141 2300 267 2350 vires,
301 2300 377 2342 sed
397 2315 481 2343 una
502 2309 626 2358 atque
647 2303 809 2354 eadem,
832 2305 866 2347 si
886 2306 998 2346 enim
1018 2306 1197 2348 diversoe
1218 2317 1369 2359 essent,
1392 2323 1572 2365 corpora
1586 2310 1741 2351 viribus
1762 2324 1863 2350 con-

136 2373 295 2430 junctis
332 2373 463 2429 duplo
495 2374 675 2416 celerius
706 2376 750 2417 in
782 2385 937 2419 terram
968 2379 1166 2421 caderent
1197 2380 1322 2436 quam
1357 2397 1411 2423 ex
1445 2383 1486 2423 vi
1519 2382 1605 2423 sola
1632 2383 1861 2440 gravitatis.

146 2447 322 2489 Constat
340 2447 469 2504 igitur
488 2448 570 2491 vim
599 2448 715 2490 illam.
733 2451 1020 2505 centripetam‚
1053 2452 1135 2508 qufi
1160 2452 1261 2494 luna
1279 2453 1485 2508 perpetuo
1504 2454 1559 2495 de
1578 2462 1776 2513 tangente
1796 2455 1864 2498 vel

147 2520 327 2562 trahitur
341 2520 408 2562 vel
421 2519 651 2576 impellitur
667 2530 710 2564 et
729 2523 772 2563 in
792 2524 929 2565 orbita
948 2524 1163 2575 retinetur,
1186 2525 1319 2581 ipsam
1340 2541 1431 2568 esse
1450 2526 1535 2567 vim
1550 2526 1763 2583 gravitatis
1778 2536 1862 2570 ter-

145 2593 288 2635 restris
309 2593 363 2634 ad
382 2593 526 2634 lunam
545 2609 678 2650 usque
697 2595 1017 2653 pertingentem.
1079 2596 1138 2638 Et
1157 2597 1309 2639 rationi
1337 2597 1507 2654 quidem
1538 2605 1864 2640 consentaneum

145 2674 210 2709 est
221 2674 268 2708 ut
279 2665 333 2707 ad
346 2666 537 2723 ingentes
551 2664 770 2709 distantias
790 2668 863 2709 illa
875 2683 964 2710 sese
979 2668 1112 2711 virtus
1128 2670 1341 2720 extendat,
1362 2669 1455 2712 cum
1478 2670 1637 2712 nullam
1658 2671 1746 2726 ejus
1768 2685 1862 2714 sen-

146 2738 309 2781 sibilem
327 2737 679 2789 imminutionem,
701 2740 767 2781 vel
787 2740 831 2781 in
859 2740 1069 2783 altissimis
1090 2742 1298 2784 montium
1318 2743 1616 2793 cacuminibus,
1638 2743 1863 2786 observare

145 2812 256 2854 licet.
319 2811 514 2854 Gravitat
533 2812 672 2869 itaque
692 2812 794 2855 luna
813 2814 858 2854 in
877 2822 1060 2857 terram:
1092 2816 1194 2872 quin
1215 2824 1258 2858 et
1276 2817 1441 2858 actione
1469 2823 1627 2868 mutua,
1659 2826 1773 2859 terra
1801 2817 1863 2859 vi-

147 2884 286 2926 cissim
314 2885 356 2926 in
378 2885 520 2927 lunam
540 2881 756 2948 aeq'Qaliter
770 2889 971 2945 gravitat3
1007 2888 1052 2930 id
1073 2888 1188 2945 quod
1209 2888 1375 2930 abunde
1397 2888 1568 2945 quidem
1588 2890 1861 2933 confirmatur

148 2957 192 2998 in
212 2956 292 2999 hac
310 2957 590 3014 philosophia,
622 2953 695 3012 fibi
715 2959 852 3016 agitur
871 2959 925 3001 de
944 2960 1070 3002 maris
1100 2969 1207 3002 oestu
1238 2969 1281 3002 et
1312 2960 1656 3017 aequinoctiorum
1681 2977 1862 3018 praeces-

150 3029 280 3080 sione,
314 3029 367 3070 ab
388 3031 550 3073 actione
577 3029 667 3073 tum
687 3031 799 3073 lunae
819 3040 911 3074 tum
932 3032 1030 3074 solis
1051 3032 1095 3074 in
1110 3041 1265 3075 terram
1281 3033 1497 3076 oriundus.
1541 3035 1677 3077 'Hinc
1698 3044 1740 3077 et
1758 3033 1860 3078 illud

1017 3107 1038 3136 b
