2158 3562
836 200 1185 244 PRAEFATIO.
1804 220 1862 247 xv

148 332 325 376 corpora
357 316 572 374 aequaliter
609 315 817 375 gravitat3
861 314 1074 374 gravitatis
1108 316 1220 359 enim
1259 317 1465 358 actionem
1484 332 1575 360 esse
1604 319 1792 363 'muniam
1820 329 1864 363 et

147 392 340 448 utrinque
378 390 595 447 aequalem,
617 390 686 439 ‚sic
720 389 964 432 ostenditur.
1023 390 1320 448 Distinguatur
1348 398 1472 432 terrae
1499 391 1624 433 totius
1654 394 1784 436 moles
1817 395 1864 436 in

145 464 265 506 binas
300 477 567 520 quascunque
600 469 754 518 parteS,
784 462 851 504 vel
877 461 1057 519 aequales
1088 461 1155 504 vel
1193 470 1404 520 utcunque
1433 463 1682 520 inaequales:
1706 467 1795 520 jam
1830 467 1865 508 si

146 536 334 592 pondera
351 535 533 591 partium
547 550 634 576 non
653 543 793 578 essent
810 536 855 576 in
875 550 920 577 se
938 535 1086 578 mutuo
1105 536 1305 592 aequalia3
1330 536 1503 579 vcederet
1529 538 1697 593 pondus
1726 539 1864 581 minus

146 609 306 664 majori,
338 616 380 650 et
390 616 530 664 partes
550 608 783 663 conjunctae
800 617 1025 664 pergerent
1050 606 1162 649 recta
1197 608 1357 649 moveri
1390 608 1444 650 ad
1477 609 1701 660 infinitum,
1722 624 1866 652 versus

145 683 313 740 plagam
331 682 375 724 in
396 697 521 738 quam
541 680 675 723 tendit
692 680 858 736 pondus
877 681 1034 736 majus:
1065 679 1237 722 omnine>
1258 689 1403 723 contra
1417 682 1730 737 experientiam.
1781 682 1867 724 Ita-

147 769 227 811 que
248 753 470 796 dicendum
491 753 581 803 erit,
612 752 801 808 pondera
827 752 1010 808 partium
1048 752 1094 793 in
1127 752 1359 808 aequilibrio
1389 767 1480 794 esse
1509 754 1755 796 constituta:
1785 752 1868 795 hoc

148 835 223 878 est,
257 828 471 884 gravitatis
492 828 697 869 actionem
717 841 806 868 esse
825 834 1012 868 mutuam
1032 833 1075 866 et
1093 826 1288 881 utrinque
1317 825 1532 882 aequalem.

206 901 402 943 Pondera
422 915 659 956 corporum,
690 898 906 956 aequaliter
925 913 951 940 a
969 906 1114 940 centro
1132 905 1258 939 terrae
1277 897 1531 949 distantium,
1555 907 1652 942 sunt
1671 907 1718 942 ut
1737 915 1868 957 quan-

146 973 282 1015 titates
301 973 486 1014 materiae
504 973 549 1013 in
568 971 826 1027 corporibus.
888 970 990 1012 Hoc
1023 970 1166 1025 utique
1186 969 1395 1026 colligitur
1414 985 1468 1011 ex
1486 971 1638 1027 aequali
1665 972 1869 1014 accelera-

146 1046 260 1087 tione
279 1060 502 1101 corporum
522 1044 721 1095 omnium,
753 1059 778 1086 e
809 1043 948 1100 quiete
978 1057 1055 1098 per
1074 1042 1309 1097 ponderum
1341 1042 1447 1084 vires
1479 1042 1740 1104 cadentium:
1771 1058 1870 1085 nam

145 1117 254 1159 vires
274 1117 424 1173 quibus
455 1116 676 1173 inaequalia
695 1130 872 1171 corpora
900 1115 1115 1172 aequaliter
1146 1114 1442 1165 accelerantur,
1474 1114 1630 1156 debent
1662 1130 1753 1157 esse
1770 1130 1870 1171 pro-

145 1188 398 1244 portionales
418 1188 717 1246 quantitatibus
737 1188 923 1230 materiae
951 1186 1183 1229 movendae.
1243 1186 1271 1228 J
1272 1201 1341 1227 am
1360 1185 1460 1227 vero
1481 1201 1659 1241 corpora
1677 1187 1871 1230 universa

147 1259 338 1302 cadentia
357 1261 571 1316 aequaliter
590 1259 828 1310 accelerari,
851 1274 905 1301 ex
925 1274 976 1300 eo
994 1266 1123 1314 patet,
1144 1258 1258 1314 quod
1290 1258 1334 1298 in
1366 1272 1497 1299 vacuo
1528 1258 1735 1314 Boyliano
1765 1267 1871 1302 tem-

145 1332 317 1389 poribus
338 1333 566 1390 aequalibus
583 1332 762 1390 aequalia
781 1331 915 1387 spatia
933 1330 1124 1372 cadendo
1139 1329 1392 1379 describunt,
1411 1329 1571 1371 sublata
1588 1331 1746 1372 scilicet
1764 1332 1871 1374 aeris

145 1404 402 1447 resistentis:
434 1403 667 1446 accuratius
687 1411 827 1445 autem
846 1402 1143 1457 comprobatur
1168 1414 1247 1456 per
1266 1400 1552 1455 experimenta
1576 1400 1870 1455 pendulorum.

203 1475 327 1519 Vires
347 1476 575 1518 attractivae
589 1490 827 1531 corporum,
858 1475 904 1516 in
922 1473 1151 1530 aequalibus
1171 1473 1390 1524 distantiis,
1422 1480 1520 1514 sunt
1555 1480 1601 1514 ut
1620 1474 1871 1529 quantitates

145 1547 331 1589 materiae
349 1546 395 1593 in
413 1546 671 1602 corporibus.
732 1547 845 1588 Nam
864 1544 961 1587 mim
990 1561 1168 1602 corpora
1186 1546 1230 1587 in
1250 1555 1404 1589 terram
1435 1556 1478 1589 et
1496 1555 1609 1591 terra
1626 1548 1807 1590 vicissim
1827 1548 1872 1589 in

145 1634 324 1676 corpora
341 1620 560 1662 momentis
591 1620 819 1676 aequalibus
849 1619 1059 1676 gravitent
1069 1636 1081 1670 ;
1113 1627 1236 1661 terrae
1276 1620 1443 1676 pondus
1463 1620 1508 1661 in
1541 1621 1873 1678 unumquodque

146 1707 312 1748 corpus,
344 1707 416 1734 seu
435 1693 498 1735 vis
518 1692 600 1749 qua
622 1691 774 1748 corpus
803 1699 959 1734 terram
989 1692 1173 1744 attrahit,
1207 1693 1441 1749 aequabitur
1473 1693 1653 1749 ponderi
1685 1693 1872 1750 corporis

147 1766 333 1823 ejusdem
352 1768 397 1808 in
416 1774 584 1809 terram.
646 1766 748 1808 Hoc
767 1774 907 1808 autem
921 1765 1088 1821 pondus
1118 1766 1198 1807 erit
1216 1773 1264 1808 ut
1282 1766 1489 1822 quantitas
1509 1766 1695 1808 materiae
1713 1766 1760 1808 in
1779 1782 1872 1809 cor-

146 1854 273 1895 pore:
301 1840 442 1897 itaque
456 1840 518 1882 vis
539 1837 620 1896 qua
641 1853 794 1894 corpus
814 1837 1145 1894 unumquodque
1164 1845 1319 1880 terram
1349 1839 1532 1889 attrahit,
1564 1840 1651 1882 sive
1685 1839 1872 1896 corporis

147 1912 208 1953 vis
224 1911 426 1962 absoluta,
458 1911 537 1953 erit
555 1920 603 1952 ut
623 1909 769 1952 eadem
784 1909 992 1966 quantitas
1011 1908 1210 1950 materiae.

207 1981 354 2026 Oritur
369 1997 470 2038 ergo
490 1990 533 2024 et
552 1981 818 2037 componitur
836 1981 898 2023 vis
922 1981 1139 2023 attractiva
1166 1997 1394 2038 corporum
1413 1984 1672 2043 integrorum
1701 2001 1757 2028 ex
1775 1986 1873 2028 viri-

147 2054 227 2095 bus
239 2054 464 2095 attractivis
482 2053 690 2109 partium:
723 2052 929 2109 siquidem
960 2051 1087 2094 aucta
1109 2053 1176 2095 vel
1207 2053 1410 2097 diminuta
1437 2056 1549 2098 mole
1574 2057 1772 2109 materiae,
1805 2073 1872 2100 os-

124 2131 127 2135 '
148 2134 314 2168 tensum
333 2134 410 2177 est,
438 2126 806 2182 proportionaliter
826 2127 970 2184 augeri
988 2126 1055 2168 vel
1076 2127 1251 2169 diminui
1271 2129 1359 2185 ejus
1379 2129 1588 2172 virtutem.
1651 2131 1776 2174 Actio
1795 2131 1872 2173 ita-

149 2214 230 2255 que
251 2199 409 2241 telluris
430 2214 485 2241 ex
513 2200 743 2255 conjunctis
772 2200 955 2255 partium
986 2200 1217 2242 actionibus
1251 2202 1423 2243 conflari
1452 2203 1662 2245 censenda
1679 2204 1781 2254 erit3
1811 2211 1872 2245 at-

150 2287 231 2329 que
251 2270 356 2314 adeo
369 2286 547 2327 corpora
566 2271 706 2312 omnia
739 2272 951 2313 terrestria
985 2287 1029 2314 se
1049 2272 1195 2314 mutuo
1227 2272 1393 2315 trahere
1413 2282 1580 2329 oportet
1611 2275 1769 2317 viribus
1801 2275 1873 2316 ab·

149 2344 308 2395 solutis,
340 2359 436 2400 quae
455 2343 538 2385 sint
556 2343 601 2384 in
621 2343 780 2384 ratione
800 2344 984 2385 materiae
1003 2344 1217 2387 trahentis.
1278 2345 1390 2386 Haec
1410 2354 1474 2387 est
1492 2354 1642 2388 natura
1660 2347 1872 2403 gravitatis

149 2417 263 2473 apud
293 2423 471 2457 terramz
503 2415 715 2457 videamus
724 2415 814 2469 jam
834 2414 966 2470 qualis
988 2413 1041 2456 sit
1059 2415 1102 2456 in
1123 2416 1250 2458 ooelis.

210 2489 375 2543 Corpus
390 2501 514 2529 omne
532 2500 799 2542 perseverare
820 2486 864 2526 in
884 2493 993 2528 statu
1020 2501 1095 2527 suo
1115 2486 1180 2528 vel
1211 2488 1452 2543 quiescendi
1470 2489 1537 2530 vel
1565 2490 1761 2532 movendi
1780 2491 1872 2532 uni-

150 2559 337 2602 formiter
362 2559 408 2599 in
427 2558 644 2608 directum,
681 2557 761 2598 nisi
781 2564 984 2613 quatenus
1004 2574 1029 2599 a
1048 2558 1204 2599 viribus
1238 2559 1449 2615 impressis
1470 2561 1634 2618 cogitur
1653 2569 1806 2604 statum
1825 2562 1873 2604 il-

151 2633 240 2675 lum
258 2639 420 2674 mutare
431 2647 453 2681 ;,
473 2638 634 2672 naturae
651 2630 722 2672 lex
752 2638 817 2671 est
835 2630 888 2671 ab
908 2630 1100 2672 omnibus
1120 2640 1288 2687 recepta
1315 2631 1586 2688 philosophis.
1646 2634 1754 2676 Inde
1772 2635 1872 2677 vero

153 2694 352 2762 sequitur,
384 2718 561 2759 corpora
580 2718 675 2760 quae
694 2694 741 2743 in*
758 2703 894 2744 curvis
914 2710 1147 2754 moventur,
1178 2711 1301 2761 atque
1325 2704 1431 2764 adeo
1451 2706 1504 2749 de
1523 2706 1643 2748 lineis
1662 2707 1784 2749 rectis
1805 2722 1871 2749 or·

151 2778 260 2820 bitas
276 2792 370 2818 suas
390 2776 656 2834 tangentibus
682 2774 840 2833 jugiter
859 2776 1026 2827 abeunt,
1058 2776 1099 2817 vi
1130 2776 1267 2833 aliqua
1286 2777 1489 2833 perpetuo
1523 2776 1672 2837 agente
1702 2781 1870 2823 retineri

153 2849 199 2890 in
217 2849 365 2890 itinere
385 2847 624 2890 curvilineo.
687 2846 872 2890 Planetis
904 2847 1031 2904 igitur
1050 2847 1095 2888 in
1121 2848 1292 2890 orbibus
1313 2850 1448 2891 curvis
1477 2850 1783 2894 revolventibus
1798 2867 1871 2894 ne-

156 2919 334 2963 cessario
349 2920 483 2963 aderit
500 2921 562 2963 vis
577 2920 728 2977 aliqua,
757 2934 835 2975 per
853 2921 970 2976 cujus
1000 2920 1182 2963 actiones
1212 2922 1406 2977 repetitas
1434 2922 1718 2968 indesinenter
1736 2941 1762 2967 a
1780 2935 1871 2969 tan-

157 2995 350 3053 gentibus
367 2981 653 3037 deflectantur.
681 2983 686 2990 ¹
1730 2998 1732 3001 ’
