<?xml version="1.0" encoding="UTF-8"?>
<!DOCTYPE html PUBLIC "-//W3C//DTD XHTML 1.0 Transitional//EN"
    "http://www.w3.org/TR/xhtml1/DTD/xhtml1-transitional.dtd">
<html xmlns="http://www.w3.org/1999/xhtml" xml:lang="en" lang="en">
 <head>
  <title>
</title>
<meta http-equiv="Content-Type" content="text/html;charset=utf-8" />
  <meta name='ocr-system' content='tesseract 3.04.00' />
  <meta name='ocr-capabilities' content='ocr_page ocr_carea ocr_par ocr_line ocrx_word'/>
</head>
<body>
  <div class='ocr_page' id='page_1' title='image "./philosophiaenatu01newtuoft_0401.png"; bbox 0 0 2086 3542; ppageno 0'>
   <div class='ocr_carea' id='block_1_1' title="bbox 23 215 45 235">
    <p class='ocr_par' dir='ltr' id='par_1_1' title="bbox 23 215 45 235">
     <span class='ocr_line' id='line_1_1' title="bbox 23 215 45 235; baseline 0 0"><span class='ocrx_word' id='word_1_1' title='bbox 23 215 45 235; x_wconf 46' lang='grc' dir='ltr'><strong>ἃ</strong></span> 
     </span>
    </p>
   </div>
   <div class='ocr_carea' id='block_1_2' title="bbox 152 220 1456 298">
    <p class='ocr_par' dir='ltr' id='par_1_2' title="bbox 152 220 1456 298">
     <span class='ocr_line' id='line_1_2' title="bbox 152 220 1456 298; baseline -0.002 -9"><span class='ocrx_word' id='word_1_2' title='bbox 152 247 299 290; x_wconf 69' lang='lat' dir='ltr'><strong>Lmnn</strong></span> <span class='ocrx_word' id='word_1_3' title='bbox 321 244 535 298; x_wconf 60' lang='lat' dir='ltr'><strong>pamm]</strong></span> <span class='ocrx_word' id='word_1_4' title='bbox 615 220 935 289; x_wconf 69' lang='lat' dir='ltr'><strong>Pmncirm</strong></span> <span class='ocrx_word' id='word_1_5' title='bbox 965 243 1456 288; x_wconf 81' lang='lat' dir='ltr'><strong>MATHEMATICA.</strong></span> 
     </span>
    </p>
   </div>
   <div class='ocr_carea' id='block_1_3' title="bbox 142 364 1856 2200">
    <p class='ocr_par' dir='ltr' id='par_1_3' title="bbox 143 364 1846 496">
     <span class='ocr_line' id='line_1_3' title="bbox 145 364 1846 424; baseline -0.002 -14"><span class='ocrx_word' id='word_1_6' title='bbox 145 367 221 419; x_wconf 88' lang='lat' dir='ltr'><strong>vis,</strong></span> <span class='ocrx_word' id='word_1_7' title='bbox 243 367 324 424; x_wconf 68' lang='lat' dir='ltr'><strong>qua</strong></span> <span class='ocrx_word' id='word_1_8' title='bbox 343 367 491 409; x_wconf 85' lang='lat' dir='ltr'><strong>harum</strong></span> <span class='ocrx_word' id='word_1_9' title='bbox 510 380 594 406; x_wconf 89' lang='lat' dir='ltr'><strong>una</strong></span> <span class='ocrx_word' id='word_1_10' title='bbox 612 364 788 407; x_wconf 84' lang='lat' dir='ltr'><strong>attrahet</strong></span> <span class='ocrx_word' id='word_1_11' title='bbox 807 366 991 416; x_wconf 86' lang='lat' dir='ltr'><strong>alteram,</strong></span> <span class='ocrx_word' id='word_1_12' title='bbox 1012 364 1090 406; x_wconf 90' lang='lat' dir='ltr'><strong>erit</strong></span> <span class='ocrx_word' id='word_1_13' title='bbox 1107 365 1343 414; x_wconf 83' lang='lat' dir='ltr'><strong>etiamnum,</strong></span> <span class='ocrx_word' id='word_1_14' title='bbox 1364 378 1440 419; x_wconf 89' lang='lat' dir='ltr'><strong>per</strong></span> <span class='ocrx_word' id='word_1_15' title='bbox 1465 371 1753 421; x_wconf 68' lang='lat' dir='ltr'><strong>argumentum</strong></span> <span class='ocrx_word' id='word_1_16' title='bbox 1779 379 1846 406; x_wconf 88' lang='lat' dir='ltr'><strong>su·</strong></span> 
     </span>
     <span class='ocr_line' id='line_1_4' title="bbox 143 434 1681 496; baseline -0.003 -14"><span class='ocrx_word' id='word_1_17' title='bbox 143 441 297 496; x_wconf 76' lang='lat' dir='ltr'><strong>petius,</strong></span> <span class='ocrx_word' id='word_1_18' title='bbox 319 439 362 479; x_wconf 92' lang='lat' dir='ltr'><strong>in</strong></span> <span class='ocrx_word' id='word_1_19' title='bbox 381 437 526 480; x_wconf 69' lang='lat' dir='ltr'><strong>eadem</strong></span> <span class='ocrx_word' id='word_1_20' title='bbox 544 436 614 478; x_wconf 70' lang='lat' dir='ltr'><strong>illa</strong></span> <span class='ocrx_word' id='word_1_21' title='bbox 634 436 839 478; x_wconf 88' lang='lat' dir='ltr'><strong>distantiae</strong></span> <span class='ocrx_word' id='word_1_22' title='bbox 858 436 1071 492; x_wconf 85' lang='lat' dir='ltr'><strong>quadratae</strong></span> <span class='ocrx_word' id='word_1_23' title='bbox 1089 435 1248 477; x_wconf 88' lang='lat' dir='ltr'><strong>ratione</strong></span> <span class='ocrx_word' id='word_1_24' title='bbox 1266 435 1443 477; x_wconf 63' lang='lat' dir='ltr'><strong>inversa.</strong></span> <span class='ocrx_word' id='word_1_25' title='bbox 1503 435 1559 483; x_wconf 83' lang='lat' dir='ltr'><strong>Q.</strong></span> <span class='ocrx_word' id='word_1_26' title='bbox 1581 450 1617 476; x_wconf 88' lang='lat' dir='ltr'><strong>e.</strong></span> <span class='ocrx_word' id='word_1_27' title='bbox 1637 434 1681 478; x_wconf 88' lang='lat' dir='ltr'><strong>d.</strong></span> 
     </span>
    </p>

    <p class='ocr_par' dir='ltr' id='par_1_4' title="bbox 142 506 1849 768">
     <span class='ocr_line' id='line_1_5' title="bbox 207 506 1848 564; baseline -0.002 -13"><span class='ocrx_word' id='word_1_28' title='bbox 207 511 335 556; x_wconf 85' lang='lat' dir='ltr'><strong>Corol.</strong></span> <span class='ocrx_word' id='word_1_29' title='bbox 361 515 397 551; x_wconf 94' lang='lat'><strong>1.</strong></span> <span class='ocrx_word' id='word_1_30' title='bbox 430 508 547 550; x_wconf 92' lang='lat' dir='ltr'><strong>Hinc</strong></span> <span class='ocrx_word' id='word_1_31' title='bbox 568 509 602 550; x_wconf 93' lang='lat' dir='ltr'><strong>si</strong></span> <span class='ocrx_word' id='word_1_32' title='bbox 622 508 825 564; x_wconf 89' lang='lat' dir='ltr'><strong>ejusmodi</strong></span> <span class='ocrx_word' id='word_1_33' title='bbox 845 507 1020 563; x_wconf 87' lang='lat' dir='ltr'><strong>sphaerae</strong></span> <span class='ocrx_word' id='word_1_34' title='bbox 1040 507 1271 562; x_wconf 89' lang='lat' dir='ltr'><strong>complures</strong></span> <span class='ocrx_word' id='word_1_35' title='bbox 1299 506 1377 548; x_wconf 92' lang='lat' dir='ltr'><strong>sibi</strong></span> <span class='ocrx_word' id='word_1_36' title='bbox 1406 507 1580 547; x_wconf 88' lang='lat' dir='ltr'><strong>invicem</strong></span> <span class='ocrx_word' id='word_1_37' title='bbox 1605 521 1681 561; x_wconf 90' lang='lat' dir='ltr'><strong>per</strong></span> <span class='ocrx_word' id='word_1_38' title='bbox 1711 507 1848 548; x_wconf 85' lang='lat' dir='ltr'><strong>omnia</strong></span> 
     </span>
     <span class='ocr_line' id='line_1_6' title="bbox 146 577 1849 635; baseline -0.002 -12"><span class='ocrx_word' id='word_1_39' title='bbox 146 582 312 632; x_wconf 88' lang='lat' dir='ltr'><strong>similes,</strong></span> <span class='ocrx_word' id='word_1_40' title='bbox 334 594 377 622; x_wconf 86' lang='lat' dir='ltr'><strong>se</strong></span> <span class='ocrx_word' id='word_1_41' title='bbox 396 579 542 621; x_wconf 76' lang='lat' dir='ltr'><strong>mutuo</strong></span> <span class='ocrx_word' id='word_1_42' title='bbox 561 579 755 630; x_wconf 82' lang='lat' dir='ltr'><strong>trahant3</strong></span> <span class='ocrx_word' id='word_1_43' title='bbox 787 578 1049 621; x_wconf 82' lang='lat' dir='ltr'><strong>attractiones</strong></span> <span class='ocrx_word' id='word_1_44' title='bbox 1075 577 1380 620; x_wconf 83' lang='lat' dir='ltr'><strong>acceleratrices</strong></span> <span class='ocrx_word' id='word_1_45' title='bbox 1409 579 1664 635; x_wconf 85' lang='lat' dir='ltr'><strong>singularum</strong></span> <span class='ocrx_word' id='word_1_46' title='bbox 1691 579 1735 619; x_wconf 92' lang='lat' dir='ltr'><strong>in</strong></span> <span class='ocrx_word' id='word_1_47' title='bbox 1765 580 1849 620; x_wconf 89' lang='lat' dir='ltr'><strong>sin-</strong></span> 
     </span>
     <span class='ocr_line' id='line_1_7' title="bbox 143 650 1846 711; baseline -0.002 -16"><span class='ocrx_word' id='word_1_48' title='bbox 143 654 261 711; x_wconf 83' lang='lat' dir='ltr'><strong>gulas</strong></span> <span class='ocrx_word' id='word_1_49' title='bbox 282 660 415 703; x_wconf 79' lang='lat' dir='ltr'><strong>erunt,</strong></span> <span class='ocrx_word' id='word_1_50' title='bbox 436 653 481 693; x_wconf 92' lang='lat' dir='ltr'><strong>in</strong></span> <span class='ocrx_word' id='word_1_51' title='bbox 500 651 726 708; x_wconf 85' lang='lat' dir='ltr'><strong>aequalibus</strong></span> <span class='ocrx_word' id='word_1_52' title='bbox 750 651 960 708; x_wconf 87' lang='lat' dir='ltr'><strong>quibusvis</strong></span> <span class='ocrx_word' id='word_1_53' title='bbox 980 659 1215 694; x_wconf 86' lang='lat' dir='ltr'><strong>centrorum</strong></span> <span class='ocrx_word' id='word_1_54' title='bbox 1235 651 1448 701; x_wconf 85' lang='lat' dir='ltr'><strong>distantiis,</strong></span> <span class='ocrx_word' id='word_1_55' title='bbox 1471 659 1517 693; x_wconf 91' lang='lat' dir='ltr'><strong>ut</strong></span> <span class='ocrx_word' id='word_1_56' title='bbox 1537 650 1711 707; x_wconf 87' lang='lat' dir='ltr'><strong>sphaerae</strong></span> <span class='ocrx_word' id='word_1_57' title='bbox 1723 658 1846 692; x_wconf 85' lang='lat' dir='ltr'><strong>attra-</strong></span> 
     </span>
     <span class='ocr_line' id='line_1_8' title="bbox 142 725 302 768; baseline -0.006 -1"><span class='ocrx_word' id='word_1_58' title='bbox 142 725 302 768; x_wconf 85' lang='lat' dir='ltr'><strong>hentes.</strong></span> 
     </span>
    </p>

    <p class='ocr_par' dir='ltr' id='par_1_5' title="bbox 146 793 1847 925">
     <span class='ocr_line' id='line_1_9' title="bbox 202 793 1847 853; baseline -0.003 -12"><span class='ocrx_word' id='word_1_59' title='bbox 202 796 253 853; x_wconf 68' lang='lat'><strong>(¹)</strong></span> <span class='ocrx_word' id='word_1_60' title='bbox 286 799 414 841; x_wconf 73' lang='lat' dir='ltr'><strong>Corol.</strong></span> <span class='ocrx_word' id='word_1_61' title='bbox 436 802 477 839; x_wconf 83' lang='grc'><strong>2.</strong></span> <span class='ocrx_word' id='word_1_62' title='bbox 509 797 642 853; x_wconf 88' lang='lat' dir='ltr'><strong>Inque</strong></span> <span class='ocrx_word' id='word_1_63' title='bbox 662 794 864 838; x_wconf 83' lang='lat' dir='ltr'><strong>distantiis</strong></span> <span class='ocrx_word' id='word_1_64' title='bbox 895 795 1104 852; x_wconf 88' lang='lat' dir='ltr'><strong>quibusvis</strong></span> <span class='ocrx_word' id='word_1_65' title='bbox 1134 795 1417 852; x_wconf 73' lang='lat' dir='ltr'><strong>inaequalibus,</strong></span> <span class='ocrx_word' id='word_1_66' title='bbox 1448 802 1495 836; x_wconf 90' lang='lat' dir='ltr'><strong>ut</strong></span> <span class='ocrx_word' id='word_1_67' title='bbox 1523 793 1698 849; x_wconf 86' lang='lat' dir='ltr'><strong>sphaerae</strong></span> <span class='ocrx_word' id='word_1_68' title='bbox 1724 802 1847 836; x_wconf 85' lang='lat' dir='ltr'><strong>attra-</strong></span> 
     </span>
     <span class='ocr_line' id='line_1_10' title="bbox 146 868 1421 925; baseline -0.002 -14"><span class='ocrx_word' id='word_1_69' title='bbox 146 869 290 912; x_wconf 90' lang='lat' dir='ltr'><strong>hentes</strong></span> <span class='ocrx_word' id='word_1_70' title='bbox 310 870 525 925; x_wconf 88' lang='lat' dir='ltr'><strong>applicatae</strong></span> <span class='ocrx_word' id='word_1_71' title='bbox 545 869 599 910; x_wconf 86' lang='lat' dir='ltr'><strong>ad</strong></span> <span class='ocrx_word' id='word_1_72' title='bbox 618 868 817 925; x_wconf 90' lang='lat' dir='ltr'><strong>quadrata</strong></span> <span class='ocrx_word' id='word_1_73' title='bbox 836 868 1122 909; x_wconf 84' lang='lat' dir='ltr'><strong>distantiarum</strong></span> <span class='ocrx_word' id='word_1_74' title='bbox 1140 868 1249 909; x_wconf 88' lang='lat' dir='ltr'><strong>inter</strong></span> <span class='ocrx_word' id='word_1_75' title='bbox 1268 875 1421 909; x_wconf 86' lang='lat' dir='ltr'><strong>centra.</strong></span> 
     </span>
    </p>

    <p class='ocr_par' dir='ltr' id='par_1_6' title="bbox 142 929 1850 1208">
     <span class='ocr_line' id='line_1_11' title="bbox 203 929 1850 992; baseline -0.004 -10"><span class='ocrx_word' id='word_1_76' title='bbox 203 941 332 983; x_wconf 80' lang='lat' dir='ltr'><strong>Corol.</strong></span> <span class='ocrx_word' id='word_1_77' title='bbox 356 946 394 982; x_wconf 81' lang='lat'><strong>3.</strong></span> <span class='ocrx_word' id='word_1_78' title='bbox 426 938 703 981; x_wconf 88' lang='lat' dir='ltr'><strong>Attractiones</strong></span> <span class='ocrx_word' id='word_1_79' title='bbox 723 937 822 980; x_wconf 72' lang='lat' dir='ltr'><strong>vero</strong></span> <span class='ocrx_word' id='word_1_80' title='bbox 841 937 1047 988; x_wconf 84' lang='lat' dir='ltr'><strong>motrices,</strong></span> <span class='ocrx_word' id='word_1_81' title='bbox 1078 952 1150 979; x_wconf 92' lang='lat' dir='ltr'><strong>seu</strong></span> <span class='ocrx_word' id='word_1_82' title='bbox 1168 929 1355 992; x_wconf 86' lang='lat' dir='ltr'><strong>pondera</strong></span> <span class='ocrx_word' id='word_1_83' title='bbox 1375 936 1629 992; x_wconf 79' lang='lat' dir='ltr'><strong>sphaerarum</strong></span> <span class='ocrx_word' id='word_1_84' title='bbox 1650 937 1694 978; x_wconf 90' lang='lat' dir='ltr'><strong>in</strong></span> <span class='ocrx_word' id='word_1_85' title='bbox 1713 937 1850 992; x_wconf 80' lang='lat' dir='ltr'><strong>sphae-</strong></span> 
     </span>
     <span class='ocr_line' id='line_1_12' title="bbox 143 1007 1848 1066; baseline -0.002 -14"><span class='ocrx_word' id='word_1_86' title='bbox 143 1024 211 1052; x_wconf 90' lang='lat' dir='ltr'><strong>ras</strong></span> <span class='ocrx_word' id='word_1_87' title='bbox 231 1018 365 1061; x_wconf 83' lang='lat' dir='ltr'><strong>erunt,</strong></span> <span class='ocrx_word' id='word_1_88' title='bbox 386 1011 430 1051; x_wconf 91' lang='lat' dir='ltr'><strong>in</strong></span> <span class='ocrx_word' id='word_1_89' title='bbox 449 1009 674 1066; x_wconf 87' lang='lat' dir='ltr'><strong>aequalibus</strong></span> <span class='ocrx_word' id='word_1_90' title='bbox 694 1016 929 1050; x_wconf 86' lang='lat' dir='ltr'><strong>centrorum</strong></span> <span class='ocrx_word' id='word_1_91' title='bbox 948 1008 1164 1059; x_wconf 87' lang='lat' dir='ltr'><strong>distantiis,</strong></span> <span class='ocrx_word' id='word_1_92' title='bbox 1193 1016 1240 1049; x_wconf 91' lang='lat' dir='ltr'><strong>ut</strong></span> <span class='ocrx_word' id='word_1_93' title='bbox 1258 1008 1434 1063; x_wconf 83' lang='lat' dir='ltr'><strong>sphoerae</strong></span> <span class='ocrx_word' id='word_1_94' title='bbox 1455 1007 1707 1049; x_wconf 80' lang='lat' dir='ltr'><strong>attrahentes</strong></span> <span class='ocrx_word' id='word_1_95' title='bbox 1726 1015 1768 1049; x_wconf 89' lang='lat' dir='ltr'><strong>et</strong></span> <span class='ocrx_word' id='word_1_96' title='bbox 1787 1015 1848 1048; x_wconf 90' lang='lat' dir='ltr'><strong>at-</strong></span> 
     </span>
     <span class='ocr_line' id='line_1_13' title="bbox 142 1078 1846 1138; baseline -0.002 -15"><span class='ocrx_word' id='word_1_97' title='bbox 142 1090 284 1124; x_wconf 89' lang='lat' dir='ltr'><strong>tractae</strong></span> <span class='ocrx_word' id='word_1_98' title='bbox 305 1080 567 1138; x_wconf 87' lang='lat' dir='ltr'><strong>conjunctim,</strong></span> <span class='ocrx_word' id='word_1_99' title='bbox 589 1080 632 1122; x_wconf 92' lang='lat' dir='ltr'><strong>id</strong></span> <span class='ocrx_word' id='word_1_100' title='bbox 652 1088 726 1132; x_wconf 86' lang='lat' dir='ltr'><strong>est,</strong></span> <span class='ocrx_word' id='word_1_101' title='bbox 754 1087 801 1121; x_wconf 90' lang='lat' dir='ltr'><strong>ut</strong></span> <span class='ocrx_word' id='word_1_102' title='bbox 825 1087 1018 1121; x_wconf 89' lang='lat' dir='ltr'><strong>contenta</strong></span> <span class='ocrx_word' id='word_1_103' title='bbox 1049 1079 1124 1121; x_wconf 90' lang='lat' dir='ltr'><strong>sub</strong></span> <span class='ocrx_word' id='word_1_104' title='bbox 1154 1078 1326 1135; x_wconf 90' lang='lat' dir='ltr'><strong>sphaeris</strong></span> <span class='ocrx_word' id='word_1_105' title='bbox 1357 1092 1434 1134; x_wconf 88' lang='lat' dir='ltr'><strong>per</strong></span> <span class='ocrx_word' id='word_1_106' title='bbox 1463 1078 1846 1134; x_wconf 86' lang='lat' dir='ltr'><strong>multiplicationem</strong></span> 
     </span>
     <span class='ocr_line' id='line_1_14' title="bbox 144 1153 360 1208; baseline 0 -14"><span class='ocrx_word' id='word_1_107' title='bbox 144 1153 360 1208; x_wconf 85' lang='lat' dir='ltr'><strong>producta.</strong></span> 
     </span>
    </p>

    <p class='ocr_par' dir='ltr' id='par_1_7' title="bbox 144 1218 1851 1350">
     <span class='ocr_line' id='line_1_15' title="bbox 202 1218 1851 1280; baseline -0.002 -14"><span class='ocrx_word' id='word_1_108' title='bbox 202 1224 246 1280; x_wconf 90' lang='lat'><strong>(¹)</strong></span> <span class='ocrx_word' id='word_1_109' title='bbox 279 1225 410 1267; x_wconf 87' lang='lat' dir='ltr'><strong>Corol.</strong></span> <span class='ocrx_word' id='word_1_110' title='bbox 443 1230 482 1264; x_wconf 80' lang='lat'><strong>4.</strong></span> <span class='ocrx_word' id='word_1_111' title='bbox 515 1223 647 1278; x_wconf 89' lang='lat' dir='ltr'><strong>Inque</strong></span> <span class='ocrx_word' id='word_1_112' title='bbox 681 1222 883 1263; x_wconf 86' lang='lat' dir='ltr'><strong>distantiis</strong></span> <span class='ocrx_word' id='word_1_113' title='bbox 913 1221 1196 1277; x_wconf 89' lang='lat' dir='ltr'><strong>inaequalibus,</strong></span> <span class='ocrx_word' id='word_1_114' title='bbox 1227 1228 1275 1263; x_wconf 91' lang='lat' dir='ltr'><strong>ut</strong></span> <span class='ocrx_word' id='word_1_115' title='bbox 1303 1229 1495 1263; x_wconf 90' lang='lat' dir='ltr'><strong>contenta</strong></span> <span class='ocrx_word' id='word_1_116' title='bbox 1525 1220 1597 1263; x_wconf 89' lang='lat' dir='ltr'><strong>illa</strong></span> <span class='ocrx_word' id='word_1_117' title='bbox 1626 1218 1780 1264; x_wconf 70' lang='lat' dir='ltr'><strong>directe</strong></span> <span class='ocrx_word' id='word_1_118' title='bbox 1809 1228 1851 1263; x_wconf 89' lang='lat' dir='ltr'><strong>et</strong></span> 
     </span>
     <span class='ocr_line' id='line_1_16' title="bbox 144 1291 1130 1350; baseline -0.004 -13"><span class='ocrx_word' id='word_1_119' title='bbox 144 1295 344 1350; x_wconf 88' lang='lat' dir='ltr'><strong>quadrata</strong></span> <span class='ocrx_word' id='word_1_120' title='bbox 363 1293 650 1335; x_wconf 83' lang='lat' dir='ltr'><strong>distantiarum</strong></span> <span class='ocrx_word' id='word_1_121' title='bbox 669 1294 776 1334; x_wconf 89' lang='lat' dir='ltr'><strong>inter</strong></span> <span class='ocrx_word' id='word_1_122' title='bbox 797 1301 937 1334; x_wconf 90' lang='lat' dir='ltr'><strong>centra</strong></span> <span class='ocrx_word' id='word_1_123' title='bbox 956 1291 1130 1334; x_wconf 75' lang='lat' dir='ltr'><strong>inverse.</strong></span> 
     </span>
    </p>

    <p class='ocr_par' dir='ltr' id='par_1_8' title="bbox 143 1362 1852 1568">
     <span class='ocr_line' id='line_1_17' title="bbox 202 1362 1851 1420; baseline -0.001 -13"><span class='ocrx_word' id='word_1_124' title='bbox 202 1366 331 1407; x_wconf 86' lang='lat' dir='ltr'><strong>Corol.</strong></span> <span class='ocrx_word' id='word_1_125' title='bbox 355 1370 394 1407; x_wconf 87' lang='lat'><strong>5.</strong></span> <span class='ocrx_word' id='word_1_126' title='bbox 427 1364 585 1405; x_wconf 90' lang='lat' dir='ltr'><strong>Eadem</strong></span> <span class='ocrx_word' id='word_1_127' title='bbox 604 1363 754 1414; x_wconf 89' lang='lat' dir='ltr'><strong>valent,</strong></span> <span class='ocrx_word' id='word_1_128' title='bbox 785 1363 856 1404; x_wconf 92' lang='lat' dir='ltr'><strong>ubi</strong></span> <span class='ocrx_word' id='word_1_129' title='bbox 876 1363 1064 1404; x_wconf 87' lang='lat' dir='ltr'><strong>attractio</strong></span> <span class='ocrx_word' id='word_1_130' title='bbox 1084 1363 1216 1404; x_wconf 89' lang='lat' dir='ltr'><strong>oritur</strong></span> <span class='ocrx_word' id='word_1_131' title='bbox 1234 1378 1260 1404; x_wconf 90' lang='lat' dir='ltr'><strong>a</strong></span> <span class='ocrx_word' id='word_1_132' title='bbox 1279 1362 1454 1418; x_wconf 84' lang='lat' dir='ltr'><strong>sphaerae</strong></span> <span class='ocrx_word' id='word_1_133' title='bbox 1472 1363 1683 1420; x_wconf 88' lang='lat' dir='ltr'><strong>utriusque</strong></span> <span class='ocrx_word' id='word_1_134' title='bbox 1704 1364 1851 1405; x_wconf 87' lang='lat' dir='ltr'><strong>virtute</strong></span> 
     </span>
     <span class='ocr_line' id='line_1_18' title="bbox 143 1432 1852 1487; baseline -0.001 -11"><span class='ocrx_word' id='word_1_135' title='bbox 143 1435 360 1476; x_wconf 86' lang='lat' dir='ltr'><strong>attractiva</strong></span> <span class='ocrx_word' id='word_1_136' title='bbox 386 1442 532 1475; x_wconf 88' lang='lat' dir='ltr'><strong>mutuo</strong></span> <span class='ocrx_word' id='word_1_137' title='bbox 562 1433 741 1475; x_wconf 86' lang='lat' dir='ltr'><strong>exercita</strong></span> <span class='ocrx_word' id='word_1_138' title='bbox 770 1433 814 1474; x_wconf 91' lang='lat' dir='ltr'><strong>in</strong></span> <span class='ocrx_word' id='word_1_139' title='bbox 844 1432 1049 1487; x_wconf 81' lang='lat' dir='ltr'><strong>sphaeram</strong></span> <span class='ocrx_word' id='word_1_140' title='bbox 1079 1433 1262 1475; x_wconf 84' lang='lat' dir='ltr'><strong>alteram.</strong></span> <span class='ocrx_word' id='word_1_141' title='bbox 1323 1433 1434 1475; x_wconf 90' lang='lat' dir='ltr'><strong>Nam</strong></span> <span class='ocrx_word' id='word_1_142' title='bbox 1466 1433 1620 1475; x_wconf 87' lang='lat' dir='ltr'><strong>viribus</strong></span> <span class='ocrx_word' id='word_1_143' title='bbox 1654 1433 1852 1475; x_wconf 86' lang='lat' dir='ltr'><strong>ambabus</strong></span> 
     </span>
     <span class='ocr_line' id='line_1_19' title="bbox 143 1506 1082 1568; baseline -0.004 -16"><span class='ocrx_word' id='word_1_144' title='bbox 143 1511 381 1568; x_wconf 88' lang='lat' dir='ltr'><strong>geminatur</strong></span> <span class='ocrx_word' id='word_1_145' title='bbox 400 1509 602 1559; x_wconf 87' lang='lat' dir='ltr'><strong>attractio,</strong></span> <span class='ocrx_word' id='word_1_146' title='bbox 623 1508 891 1563; x_wconf 85' lang='lat' dir='ltr'><strong>proportione</strong></span> <span class='ocrx_word' id='word_1_147' title='bbox 911 1506 1082 1549; x_wconf 75' lang='lat' dir='ltr'><strong>servata.</strong></span> 
     </span>
    </p>

    <p class='ocr_par' dir='ltr' id='par_1_9' title="bbox 143 1574 1855 1850">
     <span class='ocr_line' id='line_1_20' title="bbox 204 1574 1854 1634; baseline -0.004 -11"><span class='ocrx_word' id='word_1_148' title='bbox 204 1582 333 1623; x_wconf 82' lang='lat' dir='ltr'><strong>Corol.</strong></span> <span class='ocrx_word' id='word_1_149' title='bbox 354 1587 395 1623; x_wconf 89' lang='lat'><strong>6.</strong></span> <span class='ocrx_word' id='word_1_150' title='bbox 428 1579 474 1622; x_wconf 91' lang='lat' dir='ltr'><strong>Si</strong></span> <span class='ocrx_word' id='word_1_151' title='bbox 492 1578 730 1634; x_wconf 85' lang='lat' dir='ltr'><strong>hujusmodi</strong></span> <span class='ocrx_word' id='word_1_152' title='bbox 750 1578 925 1633; x_wconf 85' lang='lat' dir='ltr'><strong>sphaerae</strong></span> <span class='ocrx_word' id='word_1_153' title='bbox 944 1577 1093 1633; x_wconf 87' lang='lat' dir='ltr'><strong>aliquae</strong></span> <span class='ocrx_word' id='word_1_154' title='bbox 1114 1578 1222 1618; x_wconf 90' lang='lat' dir='ltr'><strong>circa</strong></span> <span class='ocrx_word' id='word_1_155' title='bbox 1242 1577 1340 1618; x_wconf 86' lang='lat' dir='ltr'><strong>alias</strong></span> <span class='ocrx_word' id='word_1_156' title='bbox 1362 1576 1615 1632; x_wconf 88' lang='lat' dir='ltr'><strong>quiescentes</strong></span> <span class='ocrx_word' id='word_1_157' title='bbox 1639 1574 1854 1617; x_wconf 89' lang='lat' dir='ltr'><strong>revolvan-</strong></span> 
     </span>
     <span class='ocr_line' id='line_1_21' title="bbox 146 1648 1855 1708; baseline -0.003 -15"><span class='ocrx_word' id='word_1_158' title='bbox 146 1660 227 1701; x_wconf 89' lang='lat' dir='ltr'><strong>tur,</strong></span> <span class='ocrx_word' id='word_1_159' title='bbox 249 1650 425 1708; x_wconf 87' lang='lat' dir='ltr'><strong>singulae</strong></span> <span class='ocrx_word' id='word_1_160' title='bbox 446 1650 555 1691; x_wconf 87' lang='lat' dir='ltr'><strong>circa</strong></span> <span class='ocrx_word' id='word_1_161' title='bbox 574 1649 754 1706; x_wconf 88' lang='lat' dir='ltr'><strong>singulas</strong></span> <span class='ocrx_word' id='word_1_162' title='bbox 769 1665 780 1700; x_wconf 89' lang='lat'>;</span> <span class='ocrx_word' id='word_1_163' title='bbox 812 1649 973 1705; x_wconf 91' lang='lat' dir='ltr'><strong>sintque</strong></span> <span class='ocrx_word' id='word_1_164' title='bbox 993 1649 1198 1690; x_wconf 86' lang='lat' dir='ltr'><strong>distantiae</strong></span> <span class='ocrx_word' id='word_1_165' title='bbox 1218 1649 1327 1690; x_wconf 88' lang='lat' dir='ltr'><strong>inter</strong></span> <span class='ocrx_word' id='word_1_166' title='bbox 1347 1656 1488 1690; x_wconf 87' lang='lat' dir='ltr'><strong>centra</strong></span> <span class='ocrx_word' id='word_1_167' title='bbox 1506 1648 1800 1689; x_wconf 88' lang='lat' dir='ltr'><strong>revolventium</strong></span> <span class='ocrx_word' id='word_1_168' title='bbox 1813 1654 1855 1688; x_wconf 90' lang='lat' dir='ltr'><strong>et</strong></span> 
     </span>
     <span class='ocr_line' id='line_1_22' title="bbox 143 1719 1854 1780; baseline -0.002 -15"><span class='ocrx_word' id='word_1_169' title='bbox 143 1724 438 1780; x_wconf 89' lang='lat' dir='ltr'><strong>quiescentium</strong></span> <span class='ocrx_word' id='word_1_170' title='bbox 459 1722 792 1778; x_wconf 88' lang='lat' dir='ltr'><strong>proportionales</strong></span> <span class='ocrx_word' id='word_1_171' title='bbox 813 1721 1108 1778; x_wconf 88' lang='lat' dir='ltr'><strong>quiescentium</strong></span> <span class='ocrx_word' id='word_1_172' title='bbox 1135 1721 1371 1771; x_wconf 79' lang='lat' dir='ltr'><strong>diametris3</strong></span> <span class='ocrx_word' id='word_1_173' title='bbox 1401 1719 1579 1777; x_wconf 74' lang='lat' dir='ltr'><strong>aequalia</strong></span> <span class='ocrx_word' id='word_1_174' title='bbox 1605 1728 1726 1762; x_wconf 90' lang='lat' dir='ltr'><strong>erunt</strong></span> <span class='ocrx_word' id='word_1_175' title='bbox 1749 1728 1854 1761; x_wconf 89' lang='lat' dir='ltr'><strong>tem-</strong></span> 
     </span>
     <span class='ocr_line' id='line_1_23' title="bbox 143 1792 490 1850; baseline -0.003 -15"><span class='ocrx_word' id='word_1_176' title='bbox 143 1809 248 1850; x_wconf 86' lang='lat' dir='ltr'><strong>pora</strong></span> <span class='ocrx_word' id='word_1_177' title='bbox 266 1792 490 1849; x_wconf 86' lang='lat' dir='ltr'><strong>periodica.</strong></span> 
     </span>
    </p>

    <p class='ocr_par' dir='ltr' id='par_1_10' title="bbox 146 1861 1855 1992">
     <span class='ocr_line' id='line_1_24' title="bbox 204 1861 1855 1918; baseline -0.002 -12"><span class='ocrx_word' id='word_1_178' title='bbox 204 1866 333 1906; x_wconf 83' lang='lat' dir='ltr'><strong>Corol.</strong></span> <span class='ocrx_word' id='word_1_179' title='bbox 356 1869 394 1908; x_wconf 89' lang='grc'><strong>7.</strong></span> <span class='ocrx_word' id='word_1_180' title='bbox 426 1864 483 1905; x_wconf 87' lang='lat' dir='ltr'><strong>Et</strong></span> <span class='ocrx_word' id='word_1_181' title='bbox 516 1863 708 1914; x_wconf 89' lang='lat' dir='ltr'><strong>vicissim,</strong></span> <span class='ocrx_word' id='word_1_182' title='bbox 745 1862 780 1904; x_wconf 92' lang='lat' dir='ltr'><strong>si</strong></span> <span class='ocrx_word' id='word_1_183' title='bbox 814 1870 1002 1917; x_wconf 83' lang='lat' dir='ltr'><strong>tempora</strong></span> <span class='ocrx_word' id='word_1_184' title='bbox 1034 1861 1245 1917; x_wconf 88' lang='lat' dir='ltr'><strong>periodica</strong></span> <span class='ocrx_word' id='word_1_185' title='bbox 1278 1870 1373 1903; x_wconf 91' lang='lat' dir='ltr'><strong>sunt</strong></span> <span class='ocrx_word' id='word_1_186' title='bbox 1407 1862 1606 1918; x_wconf 84' lang='lat' dir='ltr'><strong>aequalia3</strong></span> <span class='ocrx_word' id='word_1_187' title='bbox 1650 1861 1855 1903; x_wconf 86' lang='lat' dir='ltr'><strong>distantiae</strong></span> 
     </span>
     <span class='ocr_line' id='line_1_25' title="bbox 146 1933 942 1992; baseline -0.004 -14"><span class='ocrx_word' id='word_1_188' title='bbox 146 1944 267 1978; x_wconf 88' lang='lat' dir='ltr'><strong>erunt</strong></span> <span class='ocrx_word' id='word_1_189' title='bbox 287 1937 350 1992; x_wconf 85' lang='lat'>(¹¹¹)</span> <span class='ocrx_word' id='word_1_190' title='bbox 370 1934 699 1991; x_wconf 87' lang='lat' dir='ltr'><strong>proportionales</strong></span> <span class='ocrx_word' id='word_1_191' title='bbox 719 1933 942 1976; x_wconf 88' lang='lat' dir='ltr'><strong>diametris.</strong></span> 
     </span>
    </p>

    <p class='ocr_par' dir='ltr' id='par_1_11' title="bbox 146 2004 1856 2200">
     <span class='ocr_line' id='line_1_26' title="bbox 208 2004 1856 2061; baseline -0.002 -12"><span class='ocrx_word' id='word_1_192' title='bbox 208 2008 336 2049; x_wconf 86' lang='lat' dir='ltr'><strong>Corol.</strong></span> <span class='ocrx_word' id='word_1_193' title='bbox 359 2013 398 2049; x_wconf 88' lang='lat'><strong>8.</strong></span> <span class='ocrx_word' id='word_1_194' title='bbox 430 2006 590 2048; x_wconf 90' lang='lat' dir='ltr'><strong>Eadem</strong></span> <span class='ocrx_word' id='word_1_195' title='bbox 610 2005 762 2056; x_wconf 90' lang='lat' dir='ltr'><strong>omnia,</strong></span> <span class='ocrx_word' id='word_1_196' title='bbox 794 2019 887 2061; x_wconf 89' lang='lat' dir='ltr'><strong>quae</strong></span> <span class='ocrx_word' id='word_1_197' title='bbox 907 2005 1095 2060; x_wconf 90' lang='lat' dir='ltr'><strong>superius</strong></span> <span class='ocrx_word' id='word_1_198' title='bbox 1116 2004 1168 2046; x_wconf 90' lang='lat' dir='ltr'><strong>de</strong></span> <span class='ocrx_word' id='word_1_199' title='bbox 1187 2012 1303 2046; x_wconf 88' lang='lat' dir='ltr'><strong>motu</strong></span> <span class='ocrx_word' id='word_1_200' title='bbox 1324 2019 1544 2060; x_wconf 84' lang='lat' dir='ltr'><strong>corporum</strong></span> <span class='ocrx_word' id='word_1_201' title='bbox 1565 2005 1672 2046; x_wconf 88' lang='lat' dir='ltr'><strong>circa</strong></span> <span class='ocrx_word' id='word_1_202' title='bbox 1691 2005 1856 2047; x_wconf 91' lang='lat' dir='ltr'><strong>umbili-</strong></span> 
     </span>
     <span class='ocr_line' id='line_1_27' title="bbox 147 2073 1855 2130; baseline -0.001 -11"><span class='ocrx_word' id='word_1_203' title='bbox 147 2092 218 2119; x_wconf 91' lang='lat' dir='ltr'><strong>cos</strong></span> <span class='ocrx_word' id='word_1_204' title='bbox 239 2077 476 2119; x_wconf 89' lang='lat' dir='ltr'><strong>conicarum</strong></span> <span class='ocrx_word' id='word_1_205' title='bbox 497 2076 724 2118; x_wconf 90' lang='lat' dir='ltr'><strong>sectionum</strong></span> <span class='ocrx_word' id='word_1_206' title='bbox 743 2075 1024 2116; x_wconf 84' lang='lat' dir='ltr'><strong>demonstrata</strong></span> <span class='ocrx_word' id='word_1_207' title='bbox 1053 2081 1160 2125; x_wconf 88' lang='lat' dir='ltr'><strong>sunt,</strong></span> <span class='ocrx_word' id='word_1_208' title='bbox 1193 2073 1380 2116; x_wconf 88' lang='lat' dir='ltr'><strong>obtinent</strong></span> <span class='ocrx_word' id='word_1_209' title='bbox 1392 2091 1404 2125; x_wconf 85' lang='lat'><em>3</em></span> <span class='ocrx_word' id='word_1_210' title='bbox 1434 2075 1506 2116; x_wconf 92' lang='lat' dir='ltr'><strong>ubi</strong></span> <span class='ocrx_word' id='word_1_211' title='bbox 1538 2075 1700 2130; x_wconf 87' lang='lat' dir='ltr'><strong>sphaera</strong></span> <span class='ocrx_word' id='word_1_212' title='bbox 1731 2085 1855 2118; x_wconf 86' lang='lat' dir='ltr'><strong>attra-</strong></span> 
     </span>
     <span class='ocr_line' id='line_1_28' title="bbox 146 2144 1740 2200; baseline -0.002 -10"><span class='ocrx_word' id='word_1_213' title='bbox 146 2149 250 2190; x_wconf 90' lang='lat' dir='ltr'><strong>hens</strong></span> <span class='ocrx_word' id='word_1_214' title='bbox 269 2147 414 2189; x_wconf 88' lang='lat' dir='ltr'><strong>formae</strong></span> <span class='ocrx_word' id='word_1_215' title='bbox 434 2155 476 2189; x_wconf 90' lang='lat' dir='ltr'><strong>et</strong></span> <span class='ocrx_word' id='word_1_216' title='bbox 495 2146 740 2188; x_wconf 90' lang='lat' dir='ltr'><strong>conditionis</strong></span> <span class='ocrx_word' id='word_1_217' title='bbox 762 2145 937 2200; x_wconf 88' lang='lat' dir='ltr'><strong>cujusvis</strong></span> <span class='ocrx_word' id='word_1_218' title='bbox 951 2146 1039 2200; x_wconf 87' lang='lat' dir='ltr'><strong>jam</strong></span> <span class='ocrx_word' id='word_1_219' title='bbox 1059 2144 1276 2199; x_wconf 81' lang='lat' dir='ltr'><strong>descriptae</strong></span> <span class='ocrx_word' id='word_1_220' title='bbox 1296 2145 1456 2186; x_wconf 87' lang='lat' dir='ltr'><strong>locatur</strong></span> <span class='ocrx_word' id='word_1_221' title='bbox 1475 2145 1518 2186; x_wconf 91' lang='lat' dir='ltr'><strong>in</strong></span> <span class='ocrx_word' id='word_1_222' title='bbox 1532 2145 1740 2187; x_wconf 90' lang='lat' dir='ltr'><strong>umbilico.</strong></span> 
     </span>
    </p>
   </div>
   <div class='ocr_carea' id='block_1_4' title="bbox 1761 244 1899 288">
    <p class='ocr_par' dir='ltr' id='par_1_12' title="bbox 1761 244 1899 288">
     <span class='ocr_line' id='line_1_29' title="bbox 1761 244 1899 288; baseline 0 0"><span class='ocrx_word' id='word_1_223' title='bbox 1761 250 1843 288; x_wconf 78' lang='lat'><strong>365</strong></span> <span class='ocrx_word' id='word_1_224' title='bbox 1884 244 1899 264; x_wconf 69' lang='lat' dir='ltr'><strong><em>s</em></strong></span> 
     </span>
    </p>
   </div>
   <div class='ocr_carea' id='block_1_5' title="bbox 151 2294 988 3011">
    <p class='ocr_par' dir='ltr' id='par_1_13' title="bbox 151 2294 987 2971">
     <span class='ocr_line' id='line_1_30' title="bbox 192 2294 981 2340; baseline -0.008 -10"><span class='ocrx_word' id='word_1_225' title='bbox 192 2298 240 2340; x_wconf 56' lang='grc' dir='ltr'><strong>(ἱ)</strong></span> <span class='ocrx_word' id='word_1_226' title='bbox 257 2301 275 2318; x_wconf 72' lang='grc'><strong>”</strong></span> <span class='ocrx_word' id='word_1_227' title='bbox 295 2300 360 2329; x_wconf 78' lang='lat' dir='ltr'><strong>Cor.</strong></span> <span class='ocrx_word' id='word_1_228' title='bbox 375 2301 404 2328; x_wconf 78' lang='lat'><strong>2.</strong></span> <span class='ocrx_word' id='word_1_229' title='bbox 429 2295 635 2327; x_wconf 82' lang='lat' dir='ltr'><strong>Attractiones</strong></span> <span class='ocrx_word' id='word_1_230' title='bbox 645 2294 871 2326; x_wconf 77' lang='lat' dir='ltr'><strong>acceleratrices</strong></span> <span class='ocrx_word' id='word_1_231' title='bbox 881 2296 981 2335; x_wconf 78' lang='lat' dir='ltr'><strong>sphae-</strong></span> 
     </span>
     <span class='ocr_line' id='line_1_31' title="bbox 151 2338 980 2377; baseline -0.006 -5"><span class='ocrx_word' id='word_1_232' title='bbox 151 2351 252 2373; x_wconf 81' lang='lat' dir='ltr'><strong>rarum</strong></span> <span class='ocrx_word' id='word_1_233' title='bbox 271 2341 301 2371; x_wconf 92' lang='lat' dir='ltr'>G</span> <span class='ocrx_word' id='word_1_234' title='bbox 320 2341 365 2377; x_wconf 88' lang='lat' dir='ltr'><strong>H,</strong></span> <span class='ocrx_word' id='word_1_235' title='bbox 384 2340 401 2370; x_wconf 95' lang='lat' dir='ltr'>I</span> <span class='ocrx_word' id='word_1_236' title='bbox 419 2339 463 2376; x_wconf 89' lang='lat' dir='ltr'><strong>K,</strong></span> <span class='ocrx_word' id='word_1_237' title='bbox 481 2339 510 2369; x_wconf 91' lang='lat' dir='ltr'>L</span> <span class='ocrx_word' id='word_1_238' title='bbox 527 2339 577 2375; x_wconf 91' lang='lat' dir='ltr'><strong>M,</strong></span> <span class='ocrx_word' id='word_1_239' title='bbox 593 2339 648 2369; x_wconf 69' lang='lat' dir='ltr'><strong>&amp;c-</strong></span> <span class='ocrx_word' id='word_1_240' title='bbox 673 2338 708 2368; x_wconf 86' lang='lat' dir='ltr'><strong>in</strong></span> <span class='ocrx_word' id='word_1_241' title='bbox 732 2338 865 2376; x_wconf 82' lang='lat' dir='ltr'><strong>sphaeras</strong></span> <span class='ocrx_word' id='word_1_242' title='bbox 892 2338 922 2367; x_wconf 92' lang='lat' dir='ltr'><strong>A</strong></span> <span class='ocrx_word' id='word_1_243' title='bbox 941 2338 980 2375; x_wconf 90' lang='lat' dir='ltr'><strong>B,</strong></span> 
     </span>
     <span class='ocr_line' id='line_1_32' title="bbox 153 2379 984 2422; baseline -0.006 -8"><span class='ocrx_word' id='word_1_244' title='bbox 153 2385 180 2414; x_wconf 93' lang='lat' dir='ltr'>C</span> <span class='ocrx_word' id='word_1_245' title='bbox 199 2383 242 2420; x_wconf 94' lang='lat' dir='ltr'><strong>D,</strong></span> <span class='ocrx_word' id='word_1_246' title='bbox 259 2383 289 2412; x_wconf 89' lang='lat' dir='ltr'><strong>E</strong></span> <span class='ocrx_word' id='word_1_247' title='bbox 308 2383 342 2418; x_wconf 90' lang='lat' dir='ltr'><strong>F,</strong></span> <span class='ocrx_word' id='word_1_248' title='bbox 358 2383 414 2412; x_wconf 75' lang='grc' dir='ltr'><strong>διο.</strong></span> <span class='ocrx_word' id='word_1_249' title='bbox 433 2381 627 2422; x_wconf 81' lang='lat' dir='ltr'><strong>singularum</strong></span> <span class='ocrx_word' id='word_1_250' title='bbox 641 2379 746 2411; x_wconf 71' lang='lat' dir='ltr'><strong>versus</strong></span> <span class='ocrx_word' id='word_1_251' title='bbox 759 2379 896 2420; x_wconf 81' lang='lat' dir='ltr'><strong>singulas</strong></span> <span class='ocrx_word' id='word_1_252' title='bbox 911 2386 984 2410; x_wconf 88' lang='lat' dir='ltr'><strong>sunt</strong></span> 
     </span>
     <span class='ocr_line' id='line_1_33' title="bbox 152 2422 980 2467; baseline -0.004 -12"><span class='ocrx_word' id='word_1_253' title='bbox 152 2428 222 2467; x_wconf 83' lang='lat' dir='ltr'><strong>(per</strong></span> <span class='ocrx_word' id='word_1_254' title='bbox 248 2425 318 2455; x_wconf 77' lang='lat' dir='ltr'><strong>Cor.</strong></span> <span class='ocrx_word' id='word_1_255' title='bbox 350 2428 377 2454; x_wconf 84' lang='lat'><strong>1.</strong></span> <span class='ocrx_word' id='word_1_256' title='bbox 405 2424 498 2463; x_wconf 86' lang='lat' dir='ltr'><strong>Prop.</strong></span> <span class='ocrx_word' id='word_1_257' title='bbox 525 2422 592 2462; x_wconf 62' lang='lat'><strong>³15.)</strong></span> <span class='ocrx_word' id='word_1_258' title='bbox 615 2428 652 2453; x_wconf 88' lang='lat' dir='ltr'><strong>ut</strong></span> <span class='ocrx_word' id='word_1_259' title='bbox 675 2423 802 2461; x_wconf 83' lang='lat' dir='ltr'><strong>sphaerae</strong></span> <span class='ocrx_word' id='word_1_260' title='bbox 825 2423 980 2452; x_wconf 81' lang='lat' dir='ltr'><strong>trahentes</strong></span> 
     </span>
     <span class='ocr_line' id='line_1_34' title="bbox 151 2464 981 2517; baseline -0.004 -20"><span class='ocrx_word' id='word_1_261' title='bbox 151 2467 310 2506; x_wconf 67' lang='lat' dir='ltr'><strong>applicata&gt;</strong></span> <span class='ocrx_word' id='word_1_262' title='bbox 324 2466 363 2497; x_wconf 83' lang='lat' dir='ltr'><strong>ad</strong></span> <span class='ocrx_word' id='word_1_263' title='bbox 376 2465 524 2517; x_wconf 78' lang='lat' dir='ltr'><strong>quadrata</strong></span> <span class='ocrx_word' id='word_1_264' title='bbox 544 2465 758 2496; x_wconf 79' lang='lat' dir='ltr'><strong>distantiarum</strong></span> <span class='ocrx_word' id='word_1_265' title='bbox 775 2464 855 2495; x_wconf 85' lang='lat' dir='ltr'><strong>inter</strong></span> <span class='ocrx_word' id='word_1_266' title='bbox 877 2470 981 2495; x_wconf 84' lang='lat' dir='ltr'><strong>centra</strong></span> 
     </span>
     <span class='ocr_line' id='line_1_35' title="bbox 155 2506 982 2547; baseline -0.005 -7"><span class='ocrx_word' id='word_1_267' title='bbox 155 2509 187 2546; x_wconf 89' lang='lat' dir='ltr'><strong>S,</strong></span> <span class='ocrx_word' id='word_1_268' title='bbox 207 2510 245 2540; x_wconf 90' lang='lat' dir='ltr'><strong>P.</strong></span> <span class='ocrx_word' id='word_1_269' title='bbox 293 2509 398 2544; x_wconf 83' lang='lat' dir='ltr'><strong>Quare</strong></span> <span class='ocrx_word' id='word_1_270' title='bbox 412 2507 626 2547; x_wconf 87' lang='lat' dir='ltr'><strong>componendo</strong></span> <span class='ocrx_word' id='word_1_271' title='bbox 639 2506 688 2537; x_wconf 87' lang='lat' dir='ltr'><strong>vel</strong></span> <span class='ocrx_word' id='word_1_272' title='bbox 709 2506 874 2537; x_wconf 81' lang='lat' dir='ltr'><strong>dividendo</strong></span> <span class='ocrx_word' id='word_1_273' title='bbox 897 2517 982 2537; x_wconf 86' lang='lat' dir='ltr'><strong>sum-</strong></span> 
     </span>
     <span class='ocr_line' id='line_1_36' title="bbox 152 2549 983 2582; baseline -0.005 0"><span class='ocrx_word' id='word_1_274' title='bbox 152 2561 205 2582; x_wconf 79' lang='lat' dir='ltr'><strong>ma</strong></span> <span class='ocrx_word' id='word_1_275' title='bbox 218 2551 434 2582; x_wconf 66' lang='lat' dir='ltr'><strong>attractionum</strong></span> <span class='ocrx_word' id='word_1_276' title='bbox 453 2550 577 2580; x_wconf 81' lang='lat' dir='ltr'><strong>iliarum</strong></span> <span class='ocrx_word' id='word_1_277' title='bbox 603 2549 745 2580; x_wconf 85' lang='lat' dir='ltr'><strong>omnium</strong></span> <span class='ocrx_word' id='word_1_278' title='bbox 770 2549 819 2579; x_wconf 85' lang='lat' dir='ltr'><strong>vel</strong></span> <span class='ocrx_word' id='word_1_279' title='bbox 844 2558 983 2579; x_wconf 59' lang='lat' dir='ltr'><strong>excessus</strong></span> 
     </span>
     <span class='ocr_line' id='line_1_37' title="bbox 153 2591 983 2634; baseline -0.004 -10"><span class='ocrx_word' id='word_1_280' title='bbox 153 2593 327 2634; x_wconf 76' lang='lat' dir='ltr'><strong>aliquarum</strong></span> <span class='ocrx_word' id='word_1_281' title='bbox 340 2591 434 2632; x_wconf 72' lang='lat' dir='ltr'><strong>supra</strong></span> <span class='ocrx_word' id='word_1_282' title='bbox 447 2592 532 2628; x_wconf 81' lang='lat' dir='ltr'><strong>alias,</strong></span> <span class='ocrx_word' id='word_1_283' title='bbox 546 2593 606 2622; x_wconf 88' lang='lat' dir='ltr'><strong>hoc</strong></span> <span class='ocrx_word' id='word_1_284' title='bbox 620 2598 674 2627; x_wconf 87' lang='lat' dir='ltr'><strong>est,</strong></span> <span class='ocrx_word' id='word_1_285' title='bbox 696 2598 760 2622; x_wconf 90' lang='lat' dir='ltr'><strong>tota</strong></span> <span class='ocrx_word' id='word_1_286' title='bbox 778 2591 916 2622; x_wconf 81' lang='lat' dir='ltr'><strong>attractio</strong></span> <span class='ocrx_word' id='word_1_287' title='bbox 933 2601 983 2621; x_wconf 93' lang='lat' dir='ltr'><strong>ac-</strong></span> 
     </span>
     <span class='ocr_line' id='line_1_38' title="bbox 154 2632 986 2675; baseline -0.004 -9"><span class='ocrx_word' id='word_1_288' title='bbox 154 2635 311 2666; x_wconf 71' lang='lat' dir='ltr'><strong>ceieratrix</strong></span> <span class='ocrx_word' id='word_1_289' title='bbox 334 2636 460 2675; x_wconf 79' lang='lat' dir='ltr'><strong>sphaerae</strong></span> <span class='ocrx_word' id='word_1_290' title='bbox 483 2634 659 2673; x_wconf 65' lang='lat' dir='ltr'><strong>composita</strong></span> <span class='ocrx_word' id='word_1_291' title='bbox 684 2634 714 2665; x_wconf 90' lang='lat' dir='ltr'>G</span> <span class='ocrx_word' id='word_1_292' title='bbox 731 2634 749 2664; x_wconf 91' lang='lat'>1</span> <span class='ocrx_word' id='word_1_293' title='bbox 765 2634 804 2664; x_wconf 90' lang='grc' dir='ltr'>Μ</span> <span class='ocrx_word' id='word_1_294' title='bbox 822 2634 858 2664; x_wconf 89' lang='lat' dir='ltr'>H</span> <span class='ocrx_word' id='word_1_295' title='bbox 881 2632 986 2664; x_wconf 71' lang='lat' dir='ltr'><strong>versus</strong></span> 
     </span>
     <span class='ocr_line' id='line_1_39' title="bbox 155 2676 987 2716; baseline -0.004 -8"><span class='ocrx_word' id='word_1_296' title='bbox 155 2679 305 2716; x_wconf 72' lang='lat' dir='ltr'><strong>sphaeram</strong></span> <span class='ocrx_word' id='word_1_297' title='bbox 325 2677 525 2716; x_wconf 81' lang='lat' dir='ltr'><strong>compositam</strong></span> <span class='ocrx_word' id='word_1_298' title='bbox 542 2677 572 2706; x_wconf 91' lang='lat' dir='ltr'>A</span> <span class='ocrx_word' id='word_1_299' title='bbox 592 2677 618 2707; x_wconf 92' lang='lat' dir='ltr'>C</span> <span class='ocrx_word' id='word_1_300' title='bbox 636 2676 663 2706; x_wconf 81' lang='lat' dir='ltr'><strong>F</strong></span> <span class='ocrx_word' id='word_1_301' title='bbox 680 2677 709 2707; x_wconf 90' lang='lat' dir='ltr'>B</span> <span class='ocrx_word' id='word_1_302' title='bbox 731 2676 788 2706; x_wconf 86' lang='lat' dir='ltr'><strong>erit</strong></span> <span class='ocrx_word' id='word_1_303' title='bbox 807 2681 852 2707; x_wconf 86' lang='lat' dir='ltr'><strong>ut.</strong></span> <span class='ocrx_word' id='word_1_304' title='bbox 865 2686 987 2706; x_wconf 86' lang='lat' dir='ltr'><strong>summa</strong></span> 
     </span>
     <span class='ocr_line' id='line_1_40' title="bbox 161 2718 986 2760; baseline -0.004 -10"><span class='ocrx_word' id='word_1_305' title='bbox 161 2720 209 2750; x_wconf 83' lang='lat' dir='ltr'><strong>vel</strong></span> <span class='ocrx_word' id='word_1_306' title='bbox 222 2720 395 2751; x_wconf 75' lang='lat' dir='ltr'><strong>differentia</strong></span> <span class='ocrx_word' id='word_1_307' title='bbox 409 2722 595 2760; x_wconf 80' lang='lat' dir='ltr'><strong>sphaerarum</strong></span> <span class='ocrx_word' id='word_1_308' title='bbox 620 2719 880 2749; x_wconf 74' lang='lat' dir='ltr'><strong>concentricarum</strong></span> <span class='ocrx_word' id='word_1_309' title='bbox 902 2718 986 2748; x_wconf 81' lang='lat' dir='ltr'><strong>simi-</strong></span> 
     </span>
     <span class='ocr_line' id='line_1_41' title="bbox 158 2760 982 2801; baseline -0.001 -10"><span class='ocrx_word' id='word_1_310' title='bbox 158 2762 268 2791; x_wconf 80' lang='lat' dir='ltr'><strong>larium</strong></span> <span class='ocrx_word' id='word_1_311' title='bbox 286 2763 315 2790; x_wconf 88' lang='lat' dir='ltr'>A</span> <span class='ocrx_word' id='word_1_312' title='bbox 332 2762 372 2798; x_wconf 89' lang='lat' dir='ltr'><strong>B,</strong></span> <span class='ocrx_word' id='word_1_313' title='bbox 391 2762 416 2792; x_wconf 94' lang='lat' dir='ltr'>C</span> <span class='ocrx_word' id='word_1_314' title='bbox 435 2762 479 2799; x_wconf 92' lang='lat' dir='ltr'><strong>D,</strong></span> <span class='ocrx_word' id='word_1_315' title='bbox 497 2762 526 2792; x_wconf 84' lang='lat' dir='ltr'><strong>E</strong></span> <span class='ocrx_word' id='word_1_316' title='bbox 547 2761 580 2795; x_wconf 81' lang='lat' dir='ltr'><strong>F,</strong></span> <span class='ocrx_word' id='word_1_317' title='bbox 598 2762 653 2791; x_wconf 79' lang='grc' dir='ltr'><strong>διο.</strong></span> <span class='ocrx_word' id='word_1_318' title='bbox 671 2760 712 2791; x_wconf 84' lang='lat' dir='ltr'><strong>ad</strong></span> <span class='ocrx_word' id='word_1_319' title='bbox 724 2760 908 2801; x_wconf 83' lang='lat' dir='ltr'><strong>quadratum</strong></span> <span class='ocrx_word' id='word_1_320' title='bbox 919 2760 982 2790; x_wconf 88' lang='lat' dir='ltr'><strong>dis-</strong></span> 
     </span>
     <span class='ocr_line' id='line_1_42' title="bbox 156 2802 984 2842; baseline 0 -10"><span class='ocrx_word' id='word_1_321' title='bbox 156 2802 261 2832; x_wconf 61' lang='lat' dir='ltr'><strong>iantiae</strong></span> <span class='ocrx_word' id='word_1_322' title='bbox 279 2802 300 2832; x_wconf 93' lang='lat' dir='ltr'>S</span> <span class='ocrx_word' id='word_1_323' title='bbox 318 2803 344 2832; x_wconf 91' lang='lat' dir='ltr'>P</span> <span class='ocrx_word' id='word_1_324' title='bbox 357 2803 517 2842; x_wconf 80' lang='lat' dir='ltr'><strong>applicata.</strong></span> <span class='ocrx_word' id='word_1_325' title='bbox 564 2802 625 2833; x_wconf 88' lang='lat' dir='ltr'><strong>Sed</strong></span> <span class='ocrx_word' id='word_1_326' title='bbox 639 2803 665 2832; x_wconf 90' lang='lat' dir='ltr'><strong>si</strong></span> <span class='ocrx_word' id='word_1_327' title='bbox 686 2803 811 2841; x_wconf 79' lang='lat' dir='ltr'><strong>sphaerae</strong></span> <span class='ocrx_word' id='word_1_328' title='bbox 831 2803 984 2833; x_wconf 85' lang='lat' dir='ltr'><strong>trahentes</strong></span> 
     </span>
     <span class='ocr_line' id='line_1_43' title="bbox 157 2844 984 2885; baseline 0 -11"><span class='ocrx_word' id='word_1_329' title='bbox 157 2850 230 2874; x_wconf 87' lang='lat' dir='ltr'><strong>sunt</strong></span> <span class='ocrx_word' id='word_1_330' title='bbox 243 2844 300 2874; x_wconf 89' lang='lat' dir='ltr'><strong>sibi</strong></span> <span class='ocrx_word' id='word_1_331' title='bbox 314 2844 444 2875; x_wconf 79' lang='lat' dir='ltr'><strong>invicem</strong></span> <span class='ocrx_word' id='word_1_332' title='bbox 458 2855 512 2885; x_wconf 86' lang='lat' dir='ltr'><strong>per</strong></span> <span class='ocrx_word' id='word_1_333' title='bbox 527 2846 631 2876; x_wconf 84' lang='lat' dir='ltr'><strong>omnia</strong></span> <span class='ocrx_word' id='word_1_334' title='bbox 651 2844 775 2881; x_wconf 83' lang='lat' dir='ltr'><strong>similes,</strong></span> <span class='ocrx_word' id='word_1_335' title='bbox 795 2855 925 2875; x_wconf 80' lang='lat' dir='ltr'><strong>summae</strong></span> <span class='ocrx_word' id='word_1_336' title='bbox 945 2844 984 2874; x_wconf 91' lang='lat' dir='ltr'><strong>il-</strong></span> 
     </span>
     <span class='ocr_line' id='line_1_44' title="bbox 157 2885 985 2927; baseline 0.002 -12"><span class='ocrx_word' id='word_1_337' title='bbox 157 2886 198 2916; x_wconf 80' lang='lat' dir='ltr'><strong>lae</strong></span> <span class='ocrx_word' id='word_1_338' title='bbox 211 2886 259 2916; x_wconf 80' lang='lat' dir='ltr'><strong>vel</strong></span> <span class='ocrx_word' id='word_1_339' title='bbox 274 2886 453 2917; x_wconf 83' lang='lat' dir='ltr'><strong>differentiae</strong></span> <span class='ocrx_word' id='word_1_340' title='bbox 465 2893 539 2918; x_wconf 87' lang='lat' dir='ltr'><strong>sunt</strong></span> <span class='ocrx_word' id='word_1_341' title='bbox 552 2894 588 2918; x_wconf 88' lang='lat' dir='ltr'><strong>ut</strong></span> <span class='ocrx_word' id='word_1_342' title='bbox 601 2888 728 2927; x_wconf 84' lang='lat' dir='ltr'><strong>sphaerae</strong></span> <span class='ocrx_word' id='word_1_343' title='bbox 747 2887 831 2926; x_wconf 84' lang='lat' dir='ltr'><strong>ipsae.</strong></span> <span class='ocrx_word' id='word_1_344' title='bbox 880 2885 985 2923; x_wconf 63' lang='lat' dir='ltr'><strong>Quare</strong></span> 
     </span>
     <span class='ocr_line' id='line_1_45' title="bbox 157 2928 621 2971; baseline 0.006 -14"><span class='ocrx_word' id='word_1_345' title='bbox 157 2934 241 2968; x_wconf 82' lang='lat' dir='ltr'><strong>patet</strong></span> <span class='ocrx_word' id='word_1_346' title='bbox 254 2928 363 2971; x_wconf 75' lang='lat' dir='ltr'><strong>veritas</strong></span> <span class='ocrx_word' id='word_1_347' title='bbox 379 2929 482 2959; x_wconf 86' lang='lat' dir='ltr'><strong>Corol.</strong></span> <span class='ocrx_word' id='word_1_348' title='bbox 500 2933 530 2960; x_wconf 80' lang='lat'><strong>1.</strong></span> <span class='ocrx_word' id='word_1_349' title='bbox 545 2936 577 2959; x_wconf 84' lang='lat' dir='ltr'><strong>et</strong></span> <span class='ocrx_word' id='word_1_350' title='bbox 591 2934 621 2960; x_wconf 81' lang='lat'><strong>2.</strong></span> 
     </span>
    </p>

    <p class='ocr_par' dir='ltr' id='par_1_14' title="bbox 202 2970 988 3011">
     <span class='ocr_line' id='line_1_46' title="bbox 202 2970 988 3011; baseline -0.003 -8"><span class='ocrx_word' id='word_1_351' title='bbox 202 2970 241 3011; x_wconf 86' lang='lat'><strong>(¹)</strong></span> <span class='ocrx_word' id='word_1_352' title='bbox 267 2972 282 2990; x_wconf 70' lang='lat'><em>⁶</em></span> <span class='ocrx_word' id='word_1_353' title='bbox 309 2973 375 3003; x_wconf 82' lang='lat' dir='ltr'><strong>cor.</strong></span> <span class='ocrx_word' id='word_1_354' title='bbox 388 2975 418 3001; x_wconf 83' lang='lat'><strong>4.</strong></span> <span class='ocrx_word' id='word_1_355' title='bbox 446 2971 614 3003; x_wconf 68' lang='lat' dir='ltr'><strong>Corollaria</strong></span> <span class='ocrx_word' id='word_1_356' title='bbox 626 2970 699 3003; x_wconf 71' lang='lat'><strong>3⁰⁰¹.</strong></span> <span class='ocrx_word' id='word_1_357' title='bbox 723 2977 755 3003; x_wconf 73' lang='lat' dir='ltr'><strong>et</strong></span> <span class='ocrx_word' id='word_1_358' title='bbox 768 2970 839 3002; x_wconf 65' lang='lat'><strong>4³³².</strong></span> <span class='ocrx_word' id='word_1_359' title='bbox 864 2970 988 3002; x_wconf 77' lang='lat' dir='ltr'><strong>exCo·</strong></span> 
     </span>
    </p>
   </div>
   <div class='ocr_carea' id='block_1_6' title="bbox 1020 2294 1855 2970">
    <p class='ocr_par' dir='ltr' id='par_1_15' title="bbox 1020 2294 1855 2875">
     <span class='ocr_line' id='line_1_47' title="bbox 1022 2294 1854 2334; baseline 0.005 -10"><span class='ocrx_word' id='word_1_360' title='bbox 1022 2294 1151 2325; x_wconf 72' lang='lat' dir='ltr'><strong>rollariis</strong></span> <span class='ocrx_word' id='word_1_361' title='bbox 1167 2295 1214 2325; x_wconf 88' lang='lat'><strong>10.</strong></span> <span class='ocrx_word' id='word_1_362' title='bbox 1233 2301 1263 2326; x_wconf 77' lang='lat' dir='ltr'><strong>et</strong></span> <span class='ocrx_word' id='word_1_363' title='bbox 1278 2294 1325 2325; x_wconf 81' lang='lat'><strong>20.</strong></span> <span class='ocrx_word' id='word_1_364' title='bbox 1343 2295 1506 2327; x_wconf 84' lang='lat' dir='ltr'><strong>manifesta</strong></span> <span class='ocrx_word' id='word_1_365' title='bbox 1520 2302 1614 2334; x_wconf 84' lang='lat' dir='ltr'><strong>sunt;</strong></span> <span class='ocrx_word' id='word_1_366' title='bbox 1639 2297 1723 2328; x_wconf 79' lang='lat' dir='ltr'><strong>Nam</strong></span> <span class='ocrx_word' id='word_1_367' title='bbox 1743 2302 1854 2329; x_wconf 84' lang='lat' dir='ltr'><strong>attrac-</strong></span> 
     </span>
     <span class='ocr_line' id='line_1_48' title="bbox 1023 2337 1853 2378; baseline 0.005 -11"><span class='ocrx_word' id='word_1_368' title='bbox 1023 2337 1115 2367; x_wconf 80' lang='lat' dir='ltr'><strong>tionis</strong></span> <span class='ocrx_word' id='word_1_369' title='bbox 1128 2338 1281 2377; x_wconf 75' lang='lat' dir='ltr'><strong>quantitas</strong></span> <span class='ocrx_word' id='word_1_370' title='bbox 1294 2339 1418 2375; x_wconf 67' lang='lat' dir='ltr'><strong>moffix,</strong></span> <span class='ocrx_word' id='word_1_371' title='bbox 1441 2349 1495 2369; x_wconf 88' lang='lat' dir='ltr'><strong>seu</strong></span> <span class='ocrx_word' id='word_1_372' title='bbox 1517 2339 1639 2378; x_wconf 86' lang='lat' dir='ltr'><strong>pondus</strong></span> <span class='ocrx_word' id='word_1_373' title='bbox 1659 2340 1787 2378; x_wconf 79' lang='lat' dir='ltr'><strong>sphaerae</strong></span> <span class='ocrx_word' id='word_1_374' title='bbox 1807 2347 1853 2371; x_wconf 79' lang='lat' dir='ltr'><strong>at-</strong></span> 
     </span>
     <span class='ocr_line' id='line_1_49' title="bbox 1024 2380 1854 2422; baseline 0.005 -13"><span class='ocrx_word' id='word_1_375' title='bbox 1024 2385 1128 2410; x_wconf 85' lang='lat' dir='ltr'><strong>tractae</strong></span> <span class='ocrx_word' id='word_1_376' title='bbox 1147 2380 1180 2409; x_wconf 90' lang='lat' dir='ltr'><strong>in</strong></span> <span class='ocrx_word' id='word_1_377' title='bbox 1200 2381 1349 2418; x_wconf 80' lang='lat' dir='ltr'><strong>spbaeram</strong></span> <span class='ocrx_word' id='word_1_378' title='bbox 1374 2382 1546 2411; x_wconf 77' lang='lat' dir='ltr'><strong>trahentem</strong></span> <span class='ocrx_word' id='word_1_379' title='bbox 1572 2382 1748 2422; x_wconf 85' lang='lat' dir='ltr'><strong>aequipollet</strong></span> <span class='ocrx_word' id='word_1_380' title='bbox 1772 2382 1854 2413; x_wconf 83' lang='lat' dir='ltr'><strong>facto</strong></span> 
     </span>
     <span class='ocr_line' id='line_1_50' title="bbox 1020 2422 1848 2463; baseline 0.004 -11"><span class='ocrx_word' id='word_1_381' title='bbox 1020 2431 1058 2452; x_wconf 88' lang='lat' dir='ltr'><strong>ex</strong></span> <span class='ocrx_word' id='word_1_382' title='bbox 1072 2422 1103 2451; x_wconf 89' lang='lat' dir='ltr'><strong>vi</strong></span> <span class='ocrx_word' id='word_1_383' title='bbox 1118 2422 1325 2452; x_wconf 83' lang='lat' dir='ltr'><strong>acceleratrice</strong></span> <span class='ocrx_word' id='word_1_384' title='bbox 1340 2422 1433 2453; x_wconf 55' lang='lat' dir='ltr'><strong>ducta</strong></span> <span class='ocrx_word' id='word_1_385' title='bbox 1443 2423 1476 2452; x_wconf 91' lang='lat' dir='ltr'><strong>in</strong></span> <span class='ocrx_word' id='word_1_386' title='bbox 1486 2423 1689 2463; x_wconf 78' lang='lat' dir='ltr'><strong>quantitatem</strong></span> <span class='ocrx_word' id='word_1_387' title='bbox 1703 2425 1848 2462; x_wconf 64' lang='lat' dir='ltr'><strong>materiae,</strong></span> 
     </span>
     <span class='ocr_line' id='line_1_51' title="bbox 1021 2464 1852 2504; baseline 0.005 -10"><span class='ocrx_word' id='word_1_388' title='bbox 1021 2475 1075 2494; x_wconf 85' lang='lat' dir='ltr'><strong>seu</strong></span> <span class='ocrx_word' id='word_1_389' title='bbox 1090 2464 1122 2493; x_wconf 93' lang='lat' dir='ltr'><strong>in</strong></span> <span class='ocrx_word' id='word_1_390' title='bbox 1137 2475 1269 2494; x_wconf 85' lang='lat' dir='ltr'><strong>massam</strong></span> <span class='ocrx_word' id='word_1_391' title='bbox 1284 2466 1410 2504; x_wconf 78' lang='lat' dir='ltr'><strong>sphaerae</strong></span> <span class='ocrx_word' id='word_1_392' title='bbox 1430 2471 1586 2503; x_wconf 77' lang='lat' dir='ltr'><strong>attractae3</strong></span> <span class='ocrx_word' id='word_1_393' title='bbox 1609 2466 1654 2496; x_wconf 84' lang='lat' dir='ltr'><strong>vis</strong></span> <span class='ocrx_word' id='word_1_394' title='bbox 1675 2473 1778 2497; x_wconf 79' lang='lat' dir='ltr'><strong>autem</strong></span> <span class='ocrx_word' id='word_1_395' title='bbox 1801 2478 1852 2498; x_wconf 76' lang='lat' dir='ltr'><strong>ac-</strong></span> 
     </span>
     <span class='ocr_line' id='line_1_52' title="bbox 1023 2506 1853 2548; baseline 0.005 -12"><span class='ocrx_word' id='word_1_396' title='bbox 1023 2506 1181 2536; x_wconf 66' lang='lat' dir='ltr'><strong>celerati-ix</strong></span> <span class='ocrx_word' id='word_1_397' title='bbox 1211 2508 1281 2547; x_wconf 78' lang='lat' dir='ltr'><strong>(per</strong></span> <span class='ocrx_word' id='word_1_398' title='bbox 1313 2507 1381 2538; x_wconf 84' lang='lat' dir='ltr'><strong>Cor.</strong></span> <span class='ocrx_word' id='word_1_399' title='bbox 1412 2511 1443 2537; x_wconf 77' lang='lat'><strong>2.</strong></span> <span class='ocrx_word' id='word_1_400' title='bbox 1478 2507 1571 2547; x_wconf 83' lang='lat' dir='ltr'><strong>Prop.</strong></span> <span class='ocrx_word' id='word_1_401' title='bbox 1603 2508 1712 2548; x_wconf 81' lang='lat' dir='ltr'><strong>hujus)</strong></span> <span class='ocrx_word' id='word_1_402' title='bbox 1742 2515 1788 2539; x_wconf 83' lang='lat' dir='ltr'><strong>est</strong></span> <span class='ocrx_word' id='word_1_403' title='bbox 1816 2516 1853 2540; x_wconf 89' lang='lat' dir='ltr'><strong>ut</strong></span> 
     </span>
     <span class='ocr_line' id='line_1_53' title="bbox 1024 2549 1854 2590; baseline 0.005 -12"><span class='ocrx_word' id='word_1_404' title='bbox 1024 2549 1142 2588; x_wconf 82' lang='lat' dir='ltr'><strong>sphaera</strong></span> <span class='ocrx_word' id='word_1_405' title='bbox 1155 2549 1308 2580; x_wconf 79' lang='lat' dir='ltr'><strong>atu-abens</strong></span> <span class='ocrx_word' id='word_1_406' title='bbox 1322 2549 1472 2588; x_wconf 67' lang='lat' dir='ltr'><strong>applicata</strong></span> <span class='ocrx_word' id='word_1_407' title='bbox 1486 2551 1525 2580; x_wconf 87' lang='lat' dir='ltr'><strong>ad</strong></span> <span class='ocrx_word' id='word_1_408' title='bbox 1539 2551 1722 2590; x_wconf 75' lang='lat' dir='ltr'><strong>quadratum</strong></span> <span class='ocrx_word' id='word_1_409' title='bbox 1736 2551 1854 2582; x_wconf 79' lang='lat' dir='ltr'><strong>distan-</strong></span> 
     </span>
     <span class='ocr_line' id='line_1_54' title="bbox 1024 2591 1853 2633; baseline 0.004 -13"><span class='ocrx_word' id='word_1_410' title='bbox 1024 2591 1076 2621; x_wconf 79' lang='lat' dir='ltr'><strong>tiae</strong></span> <span class='ocrx_word' id='word_1_411' title='bbox 1090 2591 1169 2621; x_wconf 83' lang='lat' dir='ltr'><strong>inter</strong></span> <span class='ocrx_word' id='word_1_412' title='bbox 1183 2596 1295 2628; x_wconf 85' lang='lat' dir='ltr'><strong>centra,</strong></span> <span class='ocrx_word' id='word_1_413' title='bbox 1318 2598 1349 2622; x_wconf 85' lang='lat' dir='ltr'><strong>et</strong></span> <span class='ocrx_word' id='word_1_414' title='bbox 1362 2592 1545 2631; x_wconf 78' lang='lat' dir='ltr'><strong>quantitates</strong></span> <span class='ocrx_word' id='word_1_415' title='bbox 1559 2591 1693 2623; x_wconf 78' lang='lat' dir='ltr'><strong>materiae</strong></span> <span class='ocrx_word' id='word_1_416' title='bbox 1707 2592 1740 2622; x_wconf 92' lang='lat' dir='ltr'><strong>in</strong></span> <span class='ocrx_word' id='word_1_417' title='bbox 1754 2594 1853 2633; x_wconf 78' lang='lat' dir='ltr'><strong>spbae-</strong></span> 
     </span>
     <span class='ocr_line' id='line_1_55' title="bbox 1026 2633 1853 2672; baseline 0.005 -10"><span class='ocrx_word' id='word_1_418' title='bbox 1026 2633 1068 2663; x_wconf 85' lang='lat' dir='ltr'><strong>ris</strong></span> <span class='ocrx_word' id='word_1_419' title='bbox 1082 2643 1138 2672; x_wconf 84' lang='lat' dir='ltr'><strong>per</strong></span> <span class='ocrx_word' id='word_1_420' title='bbox 1151 2633 1255 2664; x_wconf 83' lang='lat' dir='ltr'><strong>omnia</strong></span> <span class='ocrx_word' id='word_1_421' title='bbox 1273 2633 1433 2670; x_wconf 83' lang='lat' dir='ltr'><strong>similibus,</strong></span> <span class='ocrx_word' id='word_1_422' title='bbox 1456 2640 1530 2664; x_wconf 84' lang='lat' dir='ltr'><strong>sunt</strong></span> <span class='ocrx_word' id='word_1_423' title='bbox 1549 2640 1586 2665; x_wconf 90' lang='lat' dir='ltr'><strong>ut</strong></span> <span class='ocrx_word' id='word_1_424' title='bbox 1609 2634 1776 2672; x_wconf 71' lang='lat' dir='ltr'><strong>volumina,</strong></span> <span class='ocrx_word' id='word_1_425' title='bbox 1797 2646 1853 2666; x_wconf 78' lang='lat' dir='ltr'><strong>seu</strong></span> 
     </span>
     <span class='ocr_line' id='line_1_56' title="bbox 1026 2675 1854 2715; baseline 0.002 -9"><span class='ocrx_word' id='word_1_426' title='bbox 1026 2682 1064 2706; x_wconf 90' lang='lat' dir='ltr'><strong>ut</strong></span> <span class='ocrx_word' id='word_1_427' title='bbox 1091 2677 1215 2714; x_wconf 82' lang='lat' dir='ltr'><strong>sphaerae</strong></span> <span class='ocrx_word' id='word_1_428' title='bbox 1243 2675 1325 2715; x_wconf 81' lang='lat' dir='ltr'><strong>ipsae.</strong></span> <span class='ocrx_word' id='word_1_429' title='bbox 1370 2676 1476 2711; x_wconf 68' lang='lat' dir='ltr'><strong>Quare</strong></span> <span class='ocrx_word' id='word_1_430' title='bbox 1498 2677 1691 2707; x_wconf 72' lang='lat' dir='ltr'><strong>attractiones</strong></span> <span class='ocrx_word' id='word_1_431' title='bbox 1712 2678 1854 2709; x_wconf 62' lang='lat' dir='ltr'><strong>monica</strong></span> 
     </span>
     <span class='ocr_line' id='line_1_57' title="bbox 1028 2717 1852 2758; baseline 0.005 -11"><span class='ocrx_word' id='word_1_432' title='bbox 1028 2728 1082 2748; x_wconf 90' lang='lat' dir='ltr'><strong>seu</strong></span> <span class='ocrx_word' id='word_1_433' title='bbox 1097 2717 1232 2757; x_wconf 76' lang='lat' dir='ltr'><strong>pondera</strong></span> <span class='ocrx_word' id='word_1_434' title='bbox 1245 2719 1432 2756; x_wconf 77' lang='lat' dir='ltr'><strong>sphaerarum</strong></span> <span class='ocrx_word' id='word_1_435' title='bbox 1446 2719 1479 2748; x_wconf 90' lang='lat' dir='ltr'><strong>in</strong></span> <span class='ocrx_word' id='word_1_436' title='bbox 1493 2720 1634 2758; x_wconf 79' lang='lat' dir='ltr'><strong>sphaeras,</strong></span> <span class='ocrx_word' id='word_1_437' title='bbox 1650 2725 1724 2750; x_wconf 87' lang='lat' dir='ltr'><strong>sunt</strong></span> <span class='ocrx_word' id='word_1_438' title='bbox 1733 2726 1770 2750; x_wconf 90' lang='lat' dir='ltr'><strong>ut</strong></span> <span class='ocrx_word' id='word_1_439' title='bbox 1779 2730 1852 2750; x_wconf 85' lang='lat' dir='ltr'><strong>con-</strong></span> 
     </span>
     <span class='ocr_line' id='line_1_58' title="bbox 1024 2760 1855 2801; baseline 0.006 -12"><span class='ocrx_word' id='word_1_440' title='bbox 1024 2766 1108 2790; x_wconf 85' lang='lat' dir='ltr'><strong>tenta</strong></span> <span class='ocrx_word' id='word_1_441' title='bbox 1122 2761 1179 2790; x_wconf 86' lang='lat' dir='ltr'><strong>sub</strong></span> <span class='ocrx_word' id='word_1_442' title='bbox 1193 2760 1316 2798; x_wconf 73' lang='lat' dir='ltr'><strong>sphaeris</strong></span> <span class='ocrx_word' id='word_1_443' title='bbox 1330 2770 1384 2799; x_wconf 75' lang='lat' dir='ltr'><strong>per</strong></span> <span class='ocrx_word' id='word_1_444' title='bbox 1397 2760 1684 2800; x_wconf 80' lang='lat' dir='ltr'><strong>multiplicationem</strong></span> <span class='ocrx_word' id='word_1_445' title='bbox 1704 2762 1855 2801; x_wconf 64' lang='lat' dir='ltr'><strong>producta</strong></span> 
     </span>
     <span class='ocr_line' id='line_1_59' title="bbox 1025 2801 1853 2875; baseline 0.004 -43"><span class='ocrx_word' id='word_1_446' title='bbox 1025 2801 1139 2875; x_wconf 54' lang='lat' dir='ltr'><strong>digesgte</strong></span> <span class='ocrx_word' id='word_1_447' title='bbox 1152 2809 1182 2832; x_wconf 90' lang='lat' dir='ltr'><strong>et</strong></span> <span class='ocrx_word' id='word_1_448' title='bbox 1197 2802 1344 2842; x_wconf 83' lang='lat' dir='ltr'><strong>quadrata</strong></span> <span class='ocrx_word' id='word_1_449' title='bbox 1357 2802 1570 2834; x_wconf 82' lang='lat' dir='ltr'><strong>distantiarum</strong></span> <span class='ocrx_word' id='word_1_450' title='bbox 1582 2802 1662 2834; x_wconf 77' lang='lat' dir='ltr'><strong>inter</strong></span> <span class='ocrx_word' id='word_1_451' title='bbox 1682 2810 1786 2835; x_wconf 74' lang='lat' dir='ltr'><strong>centra</strong></span> <span class='ocrx_word' id='word_1_452' title='bbox 1804 2804 1853 2835; x_wconf 82' lang='lat' dir='ltr'><strong>in-</strong></span> 
     </span>
     <span class='ocr_line' id='line_1_60' title="bbox 1024 2855 1044 2875; baseline 0 0"><span class='ocrx_word' id='word_1_453' title='bbox 1024 2855 1044 2875; x_wconf 89' lang='lat' dir='ltr'><strong>v</strong></span> 
     </span>
    </p>

    <p class='ocr_par' dir='ltr' id='par_1_16' title="bbox 1029 2886 1853 2970">
     <span class='ocr_line' id='line_1_61' title="bbox 1069 2886 1853 2928; baseline 0.005 -11"><span class='ocrx_word' id='word_1_454' title='bbox 1069 2886 1123 2928; x_wconf 85' lang='lat'>(¹¹¹)</span> <span class='ocrx_word' id='word_1_455' title='bbox 1147 2888 1166 2907; x_wconf 59' lang='lat'><strong>⁴</strong></span> <span class='ocrx_word' id='word_1_456' title='bbox 1190 2888 1426 2926; x_wconf 70' lang='lat' dir='ltr'><strong>Propertionales</strong></span> <span class='ocrx_word' id='word_1_457' title='bbox 1447 2889 1611 2920; x_wconf 73' lang='lat' dir='ltr'><strong>diametris.</strong></span> <span class='ocrx_word' id='word_1_458' title='bbox 1668 2889 1738 2921; x_wconf 78' lang='lat' dir='ltr'><strong>Cor.</strong></span> <span class='ocrx_word' id='word_1_459' title='bbox 1765 2893 1795 2921; x_wconf 85' lang='lat'><strong>6.</strong></span> <span class='ocrx_word' id='word_1_460' title='bbox 1822 2894 1853 2920; x_wconf 74' lang='lat' dir='ltr'><strong>et</strong></span> 
     </span>
     <span class='ocr_line' id='line_1_62' title="bbox 1029 2929 1603 2970; baseline -0.002 -9"><span class='ocrx_word' id='word_1_461' title='bbox 1029 2932 1058 2961; x_wconf 86' lang='lat'><strong>7.</strong></span> <span class='ocrx_word' id='word_1_462' title='bbox 1076 2934 1218 2960; x_wconf 79' lang='lat' dir='ltr'><strong>constant</strong></span> <span class='ocrx_word' id='word_1_463' title='bbox 1230 2938 1285 2968; x_wconf 84' lang='lat' dir='ltr'><strong>per</strong></span> <span class='ocrx_word' id='word_1_464' title='bbox 1301 2929 1374 2961; x_wconf 83' lang='lat' dir='ltr'><strong>Cor.</strong></span> <span class='ocrx_word' id='word_1_465' title='bbox 1387 2932 1420 2960; x_wconf 73' lang='grc' dir='ltr'><strong>ὅ.</strong></span> <span class='ocrx_word' id='word_1_466' title='bbox 1440 2930 1533 2970; x_wconf 81' lang='lat' dir='ltr'><strong>Prop.</strong></span> <span class='ocrx_word' id='word_1_467' title='bbox 1550 2933 1603 2960; x_wconf 70' lang='lat'><strong>4⁸³-</strong></span> 
     </span>
    </p>
   </div>
  </div>
 </body>
</html>
