2086 3542
131 274 278 316 Linum
300 275 514 326 Fumea]
594 269 914 315 PRINCIPIA
944 268 1432 313 MATHEMATICA.
1744 274 1826 310 315

190 385 318 427 Corol.
351 390 390 426 3.
423 383 614 437 corpora
630 381 714 423 duo
734 382 889 438 quaevis
909 381 1062 423 circum
1081 380 1291 437 gravitatis
1311 387 1498 421 centrum
1518 393 1734 421 commune
1753 394 1828 436 gy-

130 455 277 505 ramia,
299 453 423 495 radiis
443 460 486 494 et
503 451 558 494 ad
576 459 764 494 centrum
783 452 887 493 illud
917 459 959 494 et
991 450 1047 493 ad
1080 465 1124 492 se
1158 449 1304 492 mutuo
1336 449 1483 500 ductis,
1516 449 1565 505 (Ε)
1595 448 1831 492 describunt

132 542 249 569 areas
269 524 522 581 temporibus
541 523 882 580 proportionales.

414 698 788 743 PROPOSITIO
819 698 943 740 LIX.
1000 695 1357 740 THEOREMA
1387 695 1545 738 XXII.

133 802 344 856 Corporum
364 802 522 842 duorum
545 801 574 843 S
595 807 632 842 et
654 801 702 851 P,
724 801 829 842 circa
843 814 1035 841 commune
1059 800 1272 854 gravitatis
1300 805 1468 841 cantmm
1491 799 1527 841 C
1547 801 1830 851 revolventium,

183 880 330 928 tempus
340 875 583 927 periodicum
601 888 679 915 esse
697 874 754 914 ad
770 879 917 925 tempus
928 872 1170 926 periodicum
1190 872 1362 924 corporis
1390 872 1616 912 alterutrius
1650 871 1696 921 P,
1727 873 1832 914 circa

184 945 350 984 alterum
370 945 562 985 immotum
584 943 614 985 S
628 943 825 998 gyranlis,
847 948 883 981 et
896 942 1060 995 figuris,
1091 955 1178 995 quse
1195 954 1358 994 corpora
1378 942 1516 980 circum
1536 954 1575 982 se
1594 947 1721 981 mutuo
1750 944 1833 983 des-

183 1013 349 1062 cribunt,
363 1014 543 1067 figuram
561 1014 722 1054 similem
741 1018 779 1053 et
807 1012 994 1065 aequalem
1021 1011 1281 1059 describentis,
1312 1012 1355 1051 in
1383 1010 1655 1064 subduplicatd
1679 1013 1832 1055 ratione

162 1085 356 1138 ‚corporis
375 1084 537 1125 alterius
559 1085 605 1134 S,
625 1084 682 1124 ad
698 1069 880 1124 summam¹
897 1096 1096 1136 corporum
1120 1082 1150 1124 S
1177 1088 1219 1132 ÷
1249 1082 1297 1124 P.

191 1197 395 1253 Namque,
417 1212 470 1239 ex
490 1196 837 1239 demonstratione
857 1195 1078 1250 superioris
1111 1193 1416 1250 propositionis,
1451 1202 1652 1250 tempora,
1685 1196 1833 1252 quibus

128 1282 246 1310 arcus
266 1268 396 1323 quivis
423 1268 573 1310 similes
594 1267 631 1309 P
652 1268 695 1317 Q
715 1274 756 1309 et
774 1282 803 1322 p
824 1281 852 1322 q
871 1266 1171 1329 describuntur,
1194 1273 1290 1307 sunt
1308 1266 1351 1306 in
1372 1265 1655 1320 subduplicatfi
1676 1267 1834 1308 ratione

127 1340 417 1382 distantiarum
439 1340 476 1382 C
499 1341 535 1382 P
554 1349 596 1382 et
617 1341 647 1382 S
669 1340 705 1381 P
723 1340 790 1381 vel
809 1355 828 1381 s
848 1354 891 1394 p,
912 1325 993 1379 hoc
1012 1346 1084 1389 est,
1106 1338 1150 1378 in
1171 1338 1454 1393 subduplicatz‘i
1475 1339 1632 1380 ratione
1653 1339 1835 1394 corporis

130 1411 159 1451 S
179 1410 232 1452 ad
253 1425 453 1452 summam
474 1425 699 1465 corporum
733 1411 762 1452 S
790 1416 831 1458 ÷
861 1410 910 1451 P.
971 1409 1026 1450 Et
1060 1409 1359 1463 componendo,
1396 1423 1568 1450 summae
1602 1417 1834 1464 temporum

127 1481 273 1534 quibus
304 1495 423 1521 arcus
459 1495 602 1521 omnes
635 1480 784 1520 similes
807 1480 843 1521 P
865 1479 907 1528 Q
927 1487 968 1520 et
986 1493 1015 1533 p
1036 1494 1063 1535 q
1097 1479 1395 1530 describuntur,
1428 1479 1508 1520 hoc
1541 1487 1612 1528 est,
1649 1487 1836 1534 tempora

131 1558 230 1600 tota,
253 1550 401 1606 quibus
421 1550 568 1607 figurae
587 1558 686 1592 totae
707 1549 857 1592 similes
877 1549 1177 1600 describuntur,
1210 1557 1305 1590 sunt
1325 1549 1367 1590 in
1387 1548 1531 1591 efidem
1551 1549 1833 1604 subduplicatfi

131 1621 301 1663 ratione.
361 1621 416 1670 Q,
438 1635 472 1662 e.
495 1620 536 1664 d.

409 1780 784 1824 PROPOSITIO
816 1781 916 1823 LX.
978 1779 1337 1823 THEOREMA
1369 1779 1550 1823 XXIII.

125 1887 174 1928 Sa·
190 1901 356 1941 corpora
376 1890 452 1929 duo
473 1890 504 1931 S
523 1895 561 1929 et
582 1889 630 1939 P,
652 1890 798 1930 viribus
817 1890 1013 1943 quadrato
1027 1889 1229 1929 distantiae
1247 1902 1328 1929 suae
1345 1888 1541 1942 reciproce
1552 1890 1835 1943 proportiona-

180 1960 292 2009 libus,
302 1974 339 2000 se
354 1957 481 2000 mutu&
495 1961 707 2010 trahentia,
725 1961 971 2001 revolvuntur
985 1961 1090 2000 circa
1101 1961 1316 2013 gravitatis
1331 1965 1502 2000 centrum
1516 1975 1728 2001 commune.-
1749 1963 1836 2002 dico

183 2032 285 2083 quod
302 2031 489 2083 ellipseos,
511 2044 624 2084 quam
644 2044 780 2083 corpus
799 2031 1028 2071 alterutrum
1050 2030 1086 2071 P
1105 2031 1174 2070 Icoc
1192 2037 1295 2070 motu
1313 2030 1419 2070 circa
1439 2031 1603 2071 alterum
1636 2032 1666 2072 S
1691 2033 1834 2072 descri-
1850 2035 1855 2040 ’

183 2101 252 2150 bit,
274 2101 362 2141 axis
375 2102 618 2154 princtpalis
638 2101 713 2141 erit
733 2102 788 2141 ad
805 2115 918 2141 axem
930 2101 1194 2153 principalem
1214 2102 1402 2153 ellipseos,
1435 2116 1548 2154 quam
1579 2117 1714 2156 corpus
1733 2105 1833 2145 idem

186 2172 222 2214 P
241 2174 345 2213 circa
364 2174 528 2214 alterum
560 2174 752 2227 quiescens
775 2173 804 2214 S
824 2174 951 2213 eodem
969 2179 1136 2226 tempore
1157 2173 1361 2224 periodica
1391 2174 1604 2214 describere
1625 2184 1768 2227 posset,
1790 2182 1833 2216 ut

182 2257 324 2284 summa
344 2257 543 2296 corporum
563 2246 721 2284 duorum
739 2244 769 2285 S
789 2250 830 2293 ÷
852 2243 886 2284 P
906 2245 963 2283 ad
971 2244 1142 2296 primum
1163 2245 1321 2283 duorum
1341 2241 1464 2284 medie*
1475 2247 1831 2298 proportionalium

182 2314 287 2354 inter
305 2314 406 2354 hanc
424 2327 607 2354 summam
627 2320 665 2354 et
683 2327 819 2367 corpus
839 2315 941 2354 ill-ud
958 2314 1121 2354 alterum
1146 2313 1188 2355 S.

187 2426 231 2482 (f)
265 2427 374 2469 Nam
395 2427 429 2468 si
449 2427 665 2493 descriptae
685 2428 848 2484 ellipses
869 2435 1003 2470 essent
1023 2427 1100 2470 sibi
1119 2428 1292 2470 invicem
1321 2430 1511 2486 aequales,
1542 2439 1728 2487 tempora
1756 2447 1831 2488 pe-

172 2557 218 2599 (ε)
241 2559 258 2577 ’
283 2560 467 2590 Describam
487 2571 574 2591 areas
595 2562 772 2601 temporibus
791 2562 959 2601 proportio-

129 2602 222 2631 nales.
270 2600 353 2631 Nam
369 2607 506 2640 tempora
518 2602 631 2642 quibus
645 2603 859 2634 describuntur
881 2613 960 2633 areae

130 2642 243 2682 quaevis
257 2643 371 2673 similes
391 2654 406 2673 s
421 2654 441 2683 p
455 2654 484 2684 q,
510 2644 536 2674 C
555 2644 583 2674 P
584 2645 643 2689 49,
659 2652 690 2675 et
712 2657 726 2675 s
742 2656 761 2685 p
782 2657 810 2682 v,
829 2646 854 2676 C
873 2645 900 2676 P
917 2645 958 2681 V,

130 2690 203 2721 sunt
215 2695 334 2724 semper
348 2686 380 2715 in
396 2685 465 2716 datii
482 2686 608 2723 ratione,
624 2687 781 2724 nimirum,
798 2687 959 2727 subdupli-

130 2725 196 2755 catii
213 2725 423 2758 distantiarum
438 2728 585 2759 similium
600 2739 616 2758 s
629 2739 660 2767 p,
680 2730 706 2760 C
724 2729 753 2760 P
775 2731 826 2771 (ex
845 2729 958 2769 Dem.)

131 2773 162 2797 et
176 2767 303 2806 proinde
317 2776 438 2809 tempus
451 2781 514 2811 quo
528 2770 710 2802 describitur
726 2782 796 2802 area
809 2782 825 2801 s
838 2782 859 2811 p
873 2782 902 2812 q,
915 2778 962 2802 est

131 2809 171 2839 ad
185 2816 307 2848 tempus
319 2821 381 2851 quo
396 2812 577 2843 describitur
591 2824 661 2843 area
675 2825 688 2842 s
703 2824 722 2852 p
733 2827 761 2856 v,
789 2820 824 2844 ut
839 2820 962 2852 tempus

131 2861 194 2891 quo
207 2851 387 2883 describitur
400 2864 470 2885 area
487 2856 513 2886 C
530 2855 557 2885 P
571 2856 612 2892 Q,
628 2855 668 2885 ad
682 2862 804 2895 tempus
816 2866 879 2895 quo
893 2856 960 2886 des.

131 2894 257 2923 cribitur
271 2904 339 2925 area
357 2896 382 2925 C
400 2896 428 2925 P
446 2897 494 2934 V;
517 2897 571 2927 sed
588 2900 656 2938 (per
671 2898 761 2937 Prop.
777 2897 823 2937 1.)
839 2905 959 2937 tempo-

131 2945 166 2965 ra
189 2936 301 2975 quibus
325 2937 536 2969 describuntur
557 2950 636 2970 areae
660 2951 676 2971 s
689 2951 709 2978 p
723 2951 753 2980 q,
775 2951 790 2970 s
803 2950 824 2979 p
841 2948 867 2974 v,
886 2946 959 2970 sunt

132 2977 209 3008 areis
234 2977 292 3008 illis
316 2978 453 3019 adeoque
475 2987 506 3011 et
528 2982 606 3012 areis
629 2982 780 3012 similibus
805 2983 831 3013 C
861 2983 889 3012 P
917 2983 959 3018 Q,

137 3020 162 3050 C
181 3020 208 3049 P
226 3020 253 3048 V
269 3021 513 3059 proportionalia,
530 3023 603 3062 ergo
617 3034 694 3054 areae
712 3026 737 3054 C
753 3025 780 3054 P
793 3025 834 3061 Q,
851 3025 875 3055 C
892 3025 919 3054 P
931 3024 961 3052 V

131 3067 204 3092 sunt
226 3068 260 3092 ut
280 3069 418 3102 tempora
438 3065 548 3104 quibus
569 3065 802 3104 describuntur5
832 3073 863 3097 et
883 3077 960 3106 quo-

1001 2559 1085 2590 niam
1101 2570 1180 2590 areae
1193 2571 1270 2601 quas
1295 2571 1421 2600 corpora
1447 2561 1477 2596 S,
1498 2561 1526 2592 P
1548 2562 1664 2593 circum
1688 2568 1830 2594 centrum

1001 2603 1159 2643 gravitatis
1172 2603 1348 2634 describunt
1362 2600 1476 2635 similes
1491 2611 1563 2634 sunt
1577 2605 1654 2635 areis
1677 2615 1754 2645 quas
1777 2606 1831 2636 iis-

1002 2646 1073 2675 dem
1098 2646 1285 2684 temporibus
1313 2646 1487 2677 describunt
1511 2647 1627 2676 circum
1651 2658 1682 2677 se
1707 2646 1827 2685 mutu&

1003 2693 1094 2718 erunt
1108 2698 1231 2727 quoque
1244 2698 1323 2718 areae
1338 2688 1403 2718 istae
1424 2689 1663 2727 proportionales
1683 2691 1828 2729 tempori-

1001 2731 1060 2760 bus
1074 2731 1184 2769 quibus
1198 2729 1419 2760 describuntur.
1826 2754 1830 2763 k

1063 2772 1105 2814 (f)
1145 2774 1230 2803 Nam
1256 2774 1283 2802 si
1310 2775 1462 2812 descripta·
1486 2774 1607 2813 ellipses,
1638 2774 1693 2804 &c-
1748 2773 1827 2805 Axis

1002 2814 1179 2852 principalis
1193 2813 1348 2852 ellipsium
1370 2815 1546 2854 a·qualium,
1561 2826 1637 2856 quas
1651 2826 1779 2855 corpora
1793 2817 1824 2855 S,

1007 2856 1035 2886 P
1049 2857 1164 2886 circum
1179 2867 1211 2886 se
1226 2856 1335 2886 mutuo
1350 2856 1525 2887 describunt
1540 2861 1590 2897 (ut
1603 2858 1643 2888 ad
1660 2859 1753 2898 Prop.
1770 2861 1811 2891 57

1000 2898 1210 2937 exposuimus)
1234 2898 1359 2937 aequalis
1379 2905 1424 2928 est
1438 2899 1487 2928 axi
1503 2899 1660 2939 principali
1674 2901 1824 2940 ellipseos,

1001 2950 1020 2979 p
1035 2951 1054 2980 q
1071 2949 1099 2975 v,
1116 2951 1207 2980 quam
1223 2950 1332 2978 corpus
1347 2951 1366 2978 p
1378 2940 1425 2970 vel
1437 2941 1472 2977 P,
1488 2940 1567 2971 circ&
1582 2952 1692 2982 corpus
1705 2943 1776 2974 svel
1791 2944 1823 2981 S,

1002 2983 1105 3012 reversi
1133 2984 1295 3012 immotum
1325 2982 1466 3014 describit
1499 2986 1549 3025 (ut
1572 2984 1606 3014 in
1631 2985 1723 3024 Prop.
1751 2985 1823 3026 58.)

1006 3024 1071 3054 Hic
1085 3025 1149 3054 axis
1163 3024 1282 3054 dicatur
1289 3023 1333 3062 A,
1345 3032 1465 3064 tempus
1478 3026 1665 3065 periodicum
1687 3029 1768 3068 quod
1791 3028 1822 3058 in

1003 3065 1159 3106 ellipsibus
1180 3073 1311 3107 quatuor
1334 3077 1410 3108 quas
1431 3078 1556 3107 corpora
1573 3069 1601 3106 S,
1621 3070 1648 3100 P
1664 3071 1779 3101 circum
1796 3070 1824 3102 C
