2086 3542
281 259 367 298 420
675 255 1128 301 PHILOSOPHIAE
1162 258 1523 305 NATURALIS

1619 264 1765 315 [Mor.
1791 266 1988 316 Gomon,

284 368 539 422 diminuitur,
573 373 624 428 (5)
645 373 750 414 ratio
770 373 913 415 ultima
932 375 1011 416 erit
1031 374 1188 425 eadem,
1225 390 1318 431 quae
1351 377 1463 419 sinus
1498 378 1732 421 incidentiae
1764 387 1817 422 ad
1852 383 1990 426 sinum

286 445 562 501 emergentiae.
622 445 761 487 Datur
794 460 894 503 ergo
925 447 1030 488 ratio
1061 447 1303 489 incrementi
1332 448 1454 491 lineae
1475 451 1516 492 A
1537 450 1594 506 D,
1610 451 1665 493 ad
1684 452 1989 497 decrementum

285 515 406 557 lineae
426 516 470 559 D
494 517 531 559 B
546 532 558 567 3
589 524 631 558 et
643 531 768 572 prop-

286 593 398 628 terea
428 587 461 628 si
490 587 533 627 in
568 601 645 629 axe
669 587 705 629 A
729 588 766 629 B

288 667 472 699 sumatur
485 658 618 700 ubivis
637 671 769 713 punc-

287 735 377 769 tum
392 728 441 780 C,
460 743 534 783 per
549 729 661 785 quod
677 744 769 771 cur-

287 815 338 842 va
371 800 407 842 C
439 801 484 842 D
519 801 557 842 E
596 801 769 842 transire

287 871 422 922 debet,
446 880 486 914 et
505 872 689 927 capiatur
709 872 770 927 ip-

288 942 371 983 sius
402 944 441 984 A
473 942 508 983 C
540 943 769 984 incremen-

285 1022 373 1055 tum
409 1015 444 1055 C
468 1014 519 1056 M
553 1014 607 1055 ad
637 1015 764 1069 ipsius

288 1085 324 1126 B
348 1085 384 1126 C
405 1085 712 1126 decrementum
735 1084 771 1125 C
795 1083 835 1124 N
856 1083 899 1123 in
920 1082 1015 1124 data
1037 1082 1106 1124 illa
1127 1084 1299 1133 ratione,
1321 1084 1554 1140 centrisque
1568 1085 1623 1136 A,
1640 1086 1691 1136 B,
1709 1093 1751 1127 et
1770 1085 1992 1128 intervallis

286 1157 327 1198 A
350 1156 414 1206 M,
440 1157 477 1198 B
499 1156 541 1198 N
562 1155 844 1197 describantur
863 1154 1005 1195 circuli
1035 1154 1119 1206 duo
1156 1169 1199 1195 se
1229 1162 1374 1195 mutuo
1408 1163 1591 1197 secantes
1625 1156 1668 1196 in
1688 1155 1758 1206 D;
1791 1157 1841 1211 (ὃ)
1862 1171 1992 1212 punc·

285 1237 372 1269 tum
393 1228 497 1269 illud
518 1227 561 1269 D
582 1234 725 1285 tanget
744 1241 911 1268 curvam
931 1226 1147 1282 quaesitam
1171 1225 1206 1266 C
1227 1226 1271 1268 D
1295 1225 1345 1276 E,
1368 1226 1622 1282 eandemque
1635 1227 1766 1268 ubivis
1783 1228 1992 1284 tangendo

285 1298 587 1340 determinabit.
651 1298 706 1348 Q.
729 1313 765 1339 e.
786 1298 813 1338 i.

343 1370 472 1410 Corol.
493 1375 529 1410 1.
553 1368 760 1411 Faciendo
781 1374 917 1410 autem
939 1373 984 1408 ut
1002 1375 1203 1422 punctum
1224 1366 1264 1407 A
1280 1365 1346 1407 vel
1366 1365 1417 1417 B,
1438 1379 1550 1407 nunc
1569 1366 1690 1408 abeat
1707 1367 1751 1408 in
1770 1368 1989 1420 infinitum,

284 1453 395 1481 nunc
414 1440 566 1497 migret
586 1439 640 1481 ad
660 1439 807 1482 alteras
826 1445 964 1494 partes
984 1437 1127 1493 puncti
1149 1427 1198 1488 C,
1231 1436 1282 1491 (ι’)
1303 1436 1565 1478 habebuntur
1579 1437 1725 1495 figurae
1737 1437 1819 1480 illae
1834 1452 1990 1489 omnes,

844 957 897 1001 A

1244 964 1281 1006 C
1319 965 1437 1008 NM

328 1592 374 1634 (Υ)
399 1595 416 1613 ⁸
442 1595 533 1624 Ratio
549 1594 657 1624 ultima
672 1595 729 1625 erit
742 1595 855 1625 eadem.
904 1592 988 1623 Nam
1002 1589 1116 1622 lineola

287 1635 320 1665 D
338 1635 367 1666 E
383 1644 440 1674 pro
453 1634 539 1666 radio
554 1645 608 1665 seu
630 1636 701 1666 sinu
727 1641 792 1667 toto
814 1634 970 1674 usurpata,
994 1633 1117 1665 lineolae

286 1678 320 1708 D
349 1678 386 1714 F,
413 1678 446 1708 D
474 1678 504 1708 G
533 1684 606 1708 sunt
634 1679 720 1709 sinus
741 1678 931 1720 angulorum
959 1678 991 1708 D
1019 1677 1049 1708 E
1078 1677 1115 1713 F,

287 1720 368 1750 DE
388 1719 441 1757 G;
465 1720 518 1750 sed
534 1720 668 1761 angulus
691 1720 724 1751 D
742 1721 771 1752 E
792 1720 818 1751 F
840 1726 886 1751 est
908 1719 1117 1759 complemen-

283 1768 352 1792 tum
377 1762 418 1794 ad
443 1768 561 1792 rectum
586 1763 694 1803 anguli
722 1764 751 1794 E
777 1764 810 1794 D
835 1763 871 1800 F,
898 1773 953 1793 seu
979 1763 1009 1792 A
1027 1762 1060 1792 D
1079 1762 1115 1798 C,

283 1804 415 1844 ideoque
430 1805 556 1844 aequalis
571 1811 616 1835 est
629 1805 745 1846 angulo
760 1805 944 1842 incidentiae,
968 1810 999 1834 et
1019 1814 1118 1844 angu-

284 1846 335 1876 lus
352 1847 385 1876 D
403 1846 432 1876 E
452 1847 482 1876 G
497 1852 544 1876 est
558 1847 818 1886 complementum
831 1847 871 1878 ad
881 1853 1000 1877 rectum
1010 1845 1118 1886 anguli

287 1888 318 1918 E
336 1889 369 1918 D
388 1889 426 1924 G,
445 1888 575 1928 ideoque
589 1889 716 1929 aequalis
731 1896 777 1919 est
791 1889 907 1929 angulo
920 1889 1116 1928 emergentioe

287 1930 393 1971 (558).
439 1928 527 1970 Ergo
541 1929 631 1960 lineae
654 1931 687 1960 D
705 1931 732 1961 F
752 1930 791 1961 ad
812 1931 926 1961 lineam
943 1931 976 1961 D
995 1931 1024 1960 G
1039 1930 1116 1961 ratio

286 1972 397 2002 ultima
411 1972 468 2002 erit
482 1972 590 2002 eadem
601 1982 671 2012 quae
682 1972 766 2004 sinus
778 1972 951 2003 incidentiae
961 1972 999 2003 ad
1011 1973 1115 2002 sinum

286 2014 492 2054 emergendae,
508 2013 639 2054 ide6que
653 2014 732 2046 data.
778 2015 822 2045 Et
845 2015 917 2045 hinc
944 2016 1013 2056 (per
1041 2015 1112 2045 Cor.

287 2056 378 2086 Lem.
403 2055 451 2095 4.)
485 2056 576 2086 datur
603 2056 681 2087 ratio
708 2057 889 2088 incrementi
919 2057 1013 2087 totius
1039 2056 1117 2087 finiti

285 2098 375 2128 lineae
392 2098 422 2128 A
441 2098 484 2135 D,
506 2098 546 2129 ad
561 2098 791 2131 decrementum
811 2106 913 2131 totum
933 2099 1060 2131 finitum
1079 2098 1117 2129 li-

286 2150 353 2170 neae
371 2140 405 2172 D
422 2141 463 2171 B.

328 2181 375 2223 (²)
400 2185 417 2202 ¹'
442 2185 605 2214 Punctum
619 2185 696 2216 illud
711 2186 756 2216 D.
805 2184 910 2225 Atque
925 2184 1032 2215 eodem
1048 2195 1115 2215 mo-

285 2224 335 2261 do,
351 2224 536 2255 assumendo
549 2226 632 2257 varia
645 2226 833 2258 incrementa
851 2228 877 2258 C
893 2228 942 2263 M,
959 2233 990 2258 et
1010 2227 1114 2258 decre-

285 2273 390 2297 menta
407 2267 432 2297 C
451 2267 492 2304 N,
509 2274 624 2307 puncta
637 2268 755 2300 diversa
768 2269 860 2300 lineae
877 2270 903 2301 C
921 2270 954 2301 D
970 2270 1000 2304 E
1016 2269 1116 2300 deter-

285 2309 495 2340 minabuntur.
545 2310 578 2340 Si
593 2310 665 2342 vero
678 2318 783 2342 centro
801 2312 829 2342 B
852 2317 884 2342 et
902 2312 988 2343 radio
1009 2312 1116 2352 quovis

286 2350 473 2382 describatur
494 2351 636 2388 circulus
658 2363 783 2384 curvam
808 2354 834 2385 C
851 2354 881 2385 E
904 2364 1008 2385 secans
1022 2354 1055 2383 in
1072 2355 1113 2393 E,

285 2398 317 2423 et
331 2392 446 2423 lineam
463 2394 493 2424 A
512 2394 540 2425 B
556 2394 590 2425 in
606 2395 649 2433 N,
671 2401 704 2426 et
727 2395 800 2427 inde
823 2396 1039 2427 convolutione
1063 2407 1114 2428 su-

284 2435 418 2474 perficiei
436 2436 462 2467 C
479 2436 509 2466 E
526 2436 569 2474 N,
595 2437 675 2468 circa
695 2448 784 2469 axem
803 2439 828 2470 C
845 2440 878 2470 N
893 2439 1025 2470 solidum
1050 2449 1116 2470 cor-

285 2487 344 2517 pus
365 2477 553 2515 conficiatur,
576 2481 793 2519 corpusculum
808 2491 844 2511 ex
863 2482 905 2518 D,
929 2491 982 2522 per
1002 2482 1116 2512 lineam

289 2520 323 2550 D
340 2520 369 2551 B
384 2519 423 2550 ad
438 2526 578 2551 centrum
591 2522 619 2552 B
631 2522 737 2554 circuli
748 2522 889 2563 descripti
905 2523 1041 2561 tendens,
1053 2534 1116 2555 non

286 2561 488 2602 refrangetur,
505 2561 580 2593 dum
596 2574 634 2594 ex
649 2565 809 2604 superficie
830 2566 969 2596 circulari
984 2565 1117 2597 concava.

288 2604 319 2634 E
337 2604 369 2634 N
385 2605 549 2645 egreditur,
574 2606 658 2645 quod
681 2607 854 2646 corpusculi
879 2607 1006 2639 directio
1024 2609 1055 2639 D
1074 2609 1114 2646 B,

287 2647 326 2676 sit
339 2645 380 2677 ad
402 2646 490 2677 illam
513 2648 706 2686 superficiem
731 2649 999 2688 perpendicularis,
1024 2656 1116 2691 atque

287 2688 331 2761 ilt?
345 2688 564 2729 corpusculum
579 2700 698 2730 semper
722 2692 878 2731 perveniet
900 2692 940 2724 ad
964 2698 1116 2733 punctum

331 2771 376 2814 (δ)
401 2775 418 2793 ⁸
443 2775 647 2807 Habebumur
655 2778 775 2818 figurae
789 2778 848 2808 illae
868 2789 978 2810 omnes.
1029 2779 1116 2815 Quas

289 2814 372 2844 enim
387 2815 484 2846 lineas
501 2817 657 2847 Cartesius
675 2819 860 2849 Geometriae
886 2819 939 2850 lib.
964 2819 1013 2851 20.

288 2859 339 2886 50.
366 2862 397 2887 et
419 2867 480 2898 seq.
509 2858 772 2898 dicitA5,A6,
800 2861 848 2892 vel
872 2863 1043 2900 A7,A8,
1066 2873 1116 2894 eas

290 2897 465 2930 Newtonus
479 2900 530 2931 hic
544 2907 633 2932 vocat
659 2903 686 2934 C
704 2903 752 2939 M,
781 2903 807 2934 C
824 2904 867 2941 N,
891 2910 922 2935 et
946 2904 985 2935 de
1007 2911 1116 2936 caetero

287 2939 394 2969 eadem
410 2947 455 2972 est
467 2943 626 2983 utriusque
640 2945 775 2975 authoris
789 2946 981 2977 constructio.
1023 2947 1115 2979 Unde

289 2982 487 3013 manifestum
501 2990 555 3022 est,
579 2986 604 3015 si
619 2992 771 3025 punctum
788 2988 824 3026 C,
848 2988 928 3019 inter
952 2995 1066 3029 puncta
1083 2991 1112 3020 A

290 3029 323 3054 et
338 3024 376 3060 B,
392 3030 423 3054 et
443 3033 594 3063 punctum
622 3029 652 3059 N
676 3029 756 3060 inter
782 3031 808 3061 C
832 3037 864 3061 et
890 3031 936 3068 M,
961 3032 1018 3063 sita
1042 3032 1112 3069 sint,

1157 1588 1286 1629 primmn
1317 1587 1445 1619 Cartesii
1466 1587 1585 1619 ovalem
1608 1588 1814 1621 Newtoniana
1834 1589 1992 1623 consti-uc.

1157 1631 1241 1662 tione
1255 1630 1404 1668 describi3
1426 1630 1452 1661 si
1473 1631 1668 1662 manentibus
1691 1633 1816 1671 punctis
1833 1634 1875 1670 A,
1895 1635 1932 1670 C,
1951 1634 1991 1671 Β,

1161 1674 1210 1711 M,
1225 1678 1378 1712 punctum
1395 1673 1437 1710 N,
1452 1672 1534 1704 inter
1550 1674 1576 1704 C
1592 1680 1623 1704 et
1639 1674 1670 1704 A
1686 1674 1815 1713 locetur,
1832 1674 1903 1707 2⁸¹³.
1921 1686 1992 1707 ova·
2058 1696 2062 1700 -

1159 1716 1223 1746 lem
1240 1715 1451 1746 Cartesianam'
1468 1715 1620 1753 obtiner1;
1643 1716 1669 1746 si
1690 1725 1763 1747 vero
1785 1723 1937 1756 punctum
1962 1718 1991 1750 B

1160 1758 1200 1789 ad
1225 1757 1335 1788 alteras
1358 1763 1459 1797 partes
1480 1758 1589 1797 puncti
1605 1759 1632 1789 C
1653 1758 1767 1799 migret
1787 1758 1870 1790 ultra
1895 1761 1937 1797 A,
1960 1766 1993 1792 et

1160 1806 1312 1839 punctum
1336 1800 1362 1830 C
1385 1799 1424 1829 sit
1447 1799 1528 1830 inter
1553 1801 1583 1829 A
1608 1806 1639 1830 et
1665 1800 1708 1836 N,
1734 1806 1826 1841 atque
1842 1802 1890 1838 M,
1917 1802 1988 1834 3⁸³¹.

1163 1841 1292 1873 Cartesii
1319 1841 1438 1871 ovalem
1466 1841 1578 1876 haberi,
1612 1841 1782 1882 iisdemque
1816 1844 1930 1883 positis,
1964 1845 1991 1876 si

1158 1889 1312 1923 punctum
1329 1883 1358 1913 N
1375 1883 1414 1913 sit
1427 1883 1508 1913 inter
1525 1884 1562 1920 C,
1577 1889 1610 1914 et
1627 1885 1668 1921 A,
1684 1883 1756 1915 4⁸¹⁰.
1776 1886 1896 1917 evalem
1913 1888 1990 1918 Car-

1157 1926 1224 1956 tesii
1239 1925 1395 1955 delineari.
1444 1924 1553 1962 Porro,
1579 1925 1605 1955 si
1625 1930 1776 1964 punctum
1795 1927 1825 1957 A
1839 1928 1887 1958 vel
1906 1925 1935 1959 B
1955 1929 1990 1960 in

1156 1967 1315 1998 infinitum
1329 1969 1417 1997 abeat
1430 1972 1467 1997 ut
1479 1966 1558 1997 radii
1570 1967 1709 1999 incidant
1719 1968 1769 1998 vel
1782 1969 1991 2012 restinguatur

1158 2009 1303 2050 paralleli,
1319 2015 1388 2038 tum
1402 2019 1457 2048 per
1470 2015 1624 2048 punctum
1640 2010 1678 2040 M
1693 2010 1743 2041 vel
1759 2011 1792 2041 N
1806 2012 1989 2053 erigendum

1159 2053 1216 2083 erit
1230 2050 1494 2090 perpendiculum,
1515 2051 1599 2092 quod
1621 2052 1755 2082 circulus
1775 2059 1880 2085 centro
1897 2055 1925 2086 B
1939 2056 1988 2087 vel

1162 2098 1201 2130 A,
1219 2101 1250 2126 et
1262 2093 1348 2123 radio
1361 2094 1389 2124 Β
1407 2093 1447 2128 N,
1464 2093 1514 2123 vel
1530 2094 1560 2123 A
1579 2094 1627 2129 M,
1644 2094 1814 2134 demptus
1828 2098 1941 2129 secabit
1953 2098 1988 2130 iu
2038 2094 2043 2099 ⁴
2084 2093 2086 2103 '

1157 2143 1274 2177 puncto
1287 2135 1416 2175 quaesito
1433 2135 1475 2171 D,
1492 2145 1593 2166 curvae
1610 2136 1636 2167 C
1655 2136 1688 2167 D
1705 2137 1745 2172 E,
1771 2147 1842 2178 quae
1866 2139 1923 2170 erit
1943 2139 1988 2171 el·-

1157 2180 1241 2219 lipsis
1255 2177 1303 2207 vel
1317 2177 1492 2217 hyperbola,
1507 2184 1544 2208 ut
1558 2178 1678 2208 calculo
1691 2178 1770 2210 inito
1783 2179 1874 2212 facile
1892 2188 1986 2222 patet,

1156 2229 1248 2263 atque
1261 2220 1312 2256 hae,
1324 2225 1398 2249 sunt
1411 2219 1520 2259 figurae
1541 2220 1654 2261 quibus
1675 2221 1830 2255 cartesius
1849 2232 1916 2264 cap.
1934 2223 1982 2256 80.

1157 2264 1318 2305 dioptrices
1332 2270 1407 2292 usus
1420 2269 1476 2293 est.

1187 2667 1366 2717 KA
1654 2668 1941 2726 BMCN

1201 2783 1323 2814 Eadem
1338 2791 1383 2816 est
1396 2785 1620 2823 demonstratio,
1637 2787 1661 2817 si
1677 2788 1850 2827 superficies
1867 2789 1893 2820 C
1906 2789 1939 2821 D
1950 2789 1982 2822 E

1042 2831 1112 2862 pag·
1157 2825 1327 2862 incidentes
1341 2827 1440 2858 radios
1455 2828 1589 2865 reflectit,
1611 2840 1674 2869 quo
1694 2841 1767 2861 casu
1788 2831 1822 2861 fit
1845 2832 1872 2863 C
1889 2832 1921 2862 N
1934 2844 1981 2862 =

1161 2867 1187 2898 C
1204 2867 1254 2905 M,
1270 2870 1310 2898 ob
1325 2870 1475 2910 angulum
1496 2870 1672 2902 incidentiae
1695 2873 1842 2913 aequalem
1865 2873 1983 2914 angulo

1157 2910 1352 2950 emergentia*
1379 2913 1448 2952 (per
1474 2912 1567 2951 Prop.
1594 2914 1662 2954 96.)
1687 2922 1718 2945 et
1739 2925 1832 2946 curva
1857 2917 1883 2946 C
1900 2916 1934 2946 D
1950 2915 1980 2947 E

1156 2951 1212 2981 erit
1225 2951 1318 2983 sectio
1332 2954 1445 2990 conica,
1462 2953 1600 2986 videlicet
1610 2957 1784 2996 hyperbola,
1796 2957 1821 2988 si
1832 2964 1982 2996 puuctum

1159 2994 1185 3024 C
1200 2993 1280 3023 inter
1296 2995 1325 3024 A
1341 3001 1372 3025 et
1388 2996 1416 3026 Β
1432 2995 1523 3026 situm
1537 3009 1546 3034 ;
1569 2998 1692 3037 ellipsis,
1709 2999 1732 3029 si
1749 2998 1834 3030 extra
1847 2999 1982 3038 positum

1155 3035 1213 3074 εἰη
1238 3035 1397 3075 Parabola,
1419 3037 1445 3068 si
1459 3037 1598 3078 ellipseos
1621 3041 1708 3072 focus
1724 3042 1754 3073 B
1768 3041 1802 3072 in
1823 3040 1982 3073 infinitum
