2086 3542
251 241 302 278 16
658 238 1104 283 PHILOSOPHIAE
1137 239 1507 284 NATURALIS.
1627 239 1823 292 [Anum.
1853 207 1949 280 sive

246 357 373 400 atrice
399 358 709 413 determinatur)
754 361 788 402 si
816 375 965 416 corpus
993 368 1114 402 antea
1141 361 1393 413 movebatur,
1423 363 1553 403 motui
1582 363 1667 418 ejus
1696 361 1762 403 vel
1790 359 1952 415 conspi-

247 428 354 470 ranti
381 428 557 481 additur,
587 430 652 472 vel
680 431 885 474 contrario
914 426 1166 482 subducitur,
1197 431 1259 473 vel
1289 432 1456 488 obliquo
1485 430 1650 488 oblique
1678 431 1879 488 adjicitur,
1909 437 1952 472 et

247 511 342 539 cum
361 513 411 540 eo
425 499 650 543 secundum
677 501 887 558 utriusque
914 500 1296 544 determinationem
1308 502 1580 557 componitur.

933 700 997 756 (ι)
1028 699 1156 742 LEX
1186 700 1271 743 111.

257 834 410 876 Actioni
426 835 665 876 contrariam
683 848 829 889 semper
847 841 886 875 et
903 835 1089 890 aequalmn
1107 848 1185 876 esse
1202 834 1454 876 reaotionem:
1483 835 1562 877 sive
1580 848 1778 890 corporum
1792 836 1953 883 duomm

332 906 503 946 actiones
522 906 566 945 in
583 919 624 946 se
641 910 769 946 mutuo
786 918 934 959 semper
950 919 1030 947 esse
1046 906 1213 960 aequales
1232 911 1271 946 et
1289 905 1333 946 in
1344 911 1484 959 partes
1502 906 1723 947 contrarias
1741 906 1878 961 dirigi.

308 1029 514 1086 Quicquid
543 1031 693 1085 premit
711 1030 776 1072 vel
805 1030 931 1072 trahit
949 1030 1136 1083 alterum,
1166 1029 1408 1072 tantundem
1427 1029 1480 1072 ab
1500 1044 1550 1071 eo
1568 1029 1770 1085 premitur
1786 1028 1852 1072 vel
1871 1036 1955 1073 tra-

225 1109 227 1111 ’
250 1099 373 1142 hitur.
434 1100 479 1143 Si
498 1101 587 1156 quis
606 1100 784 1155 lapidem
812 1101 943 1158 digito
975 1101 1137 1157 premit,
1166 1101 1366 1157 premitur
1384 1108 1425 1143 et
1452 1100 1573 1156 hujus
1592 1100 1743 1158 digitus
1763 1117 1787 1143 a
1805 1101 1955 1157 lapide.

252 1172 297 1214 Si
317 1186 447 1228 equus
465 1171 645 1227 lapidem
659 1170 748 1211 funi
779 1171 990 1228 alligatum
1017 1170 1155 1223 trahit,
1185 1171 1415 1214 retrahetur
1444 1171 1567 1212 etiam
1598 1180 1640 1212 et
1669 1186 1797 1227 equus
1818 1175 1882 1228 (ut
1899 1172 1958 1213 ita

250 1240 400 1293 dicam)
430 1239 640 1296 aequaliter
672 1240 716 1281 in
746 1240 948 1296 lapidem:
979 1256 1075 1283 nam
1104 1241 1212 1284 funis
1230 1242 1421 1298 utrinque
1440 1241 1638 1283 distentus
1658 1241 1804 1284 eodem
1822 1241 1958 1284 relax-

251 1309 348 1352 andi
368 1326 410 1352 se
428 1317 579 1353 conatu
598 1310 760 1368 urgebit
779 1326 931 1368 equum
959 1326 1097 1353 versus
1124 1312 1318 1369 lapidem,
1347 1327 1397 1354 ac
1423 1312 1603 1368 lapidem
1622 1327 1761 1354 versus
1780 1327 1932 1369 equum
1938 1328 1951 1364 3

252 1389 490 1437 tantumque
518 1381 714 1436 impediet
740 1396 1002 1439 progressum
1021 1382 1141 1424 unius
1160 1389 1359 1440 quantum
1377 1390 1593 1438 promovet
1610 1397 1873 1440 progressum
1893 1383 1952 1424 al-

252 1452 388 1494 terius.
450 1452 495 1495 Si
529 1466 677 1507 corpus
707 1452 873 1509 aliquod
901 1453 945 1494 in
964 1467 1112 1511 corpus
1141 1453 1253 1495 aliud
1272 1454 1514 1510 impingens,
1545 1459 1703 1494 motum
1723 1453 1808 1509 ejus
1826 1453 1868 1494 vi
1887 1452 1958 1495 sna
2003 1494 2006 1498 .

253 1523 621 1580 quomodocunque
640 1523 869 1575 mutaverit,
894 1523 1005 1565 idem
1024 1539 1186 1581 quoque
1210 1524 1380 1565 vicissim
1401 1524 1444 1564 in
1463 1531 1579 1565 motu
1597 1523 1768 1579 proprio
1787 1523 1961 1566 eandem

254 1651 449 1688 generantur.
498 1646 544 1677 At
558 1646 583 1677 si
597 1646 643 1677 vis
665 1652 808 1678 constans
822 1648 972 1679 contraria
987 1648 1085 1680 direc-
1171 1651 1223 1679 27.
1250 1646 1378 1679 Sublata
1390 1646 1486 1678 medii
1497 1645 1668 1678 resistentia
1680 1644 1713 1675 in
1727 1649 1817 1675 ιρι-ιω
1829 1643 1960 1681 viciniis,

253 1690 338 1720 tione
352 1689 386 1719 in
400 1699 511 1728 corpus
532 1694 655 1720 motum
677 1690 825 1721 continuo
847 1697 938 1732 agat;
961 1692 1086 1733 aequali-⁷

253 1733 313 1763 bus
334 1732 524 1771 temporibus
547 1732 678 1772 aequalia
698 1732 774 1763 fient
797 1733 959 1764 celeritatis
982 1734 1087 1765 decre-

254 1780 367 1809 menta,
395 1780 428 1804 et
450 1784 561 1812 corpus
591 1780 680 1805 motu
711 1775 906 1806 uniformiter
934 1776 1087 1807 retardato

255 1816 436 1847 movebitur.
481 1816 672 1847 Generaliter
682 1817 816 1854 tandem,
832 1818 858 1848 si
867 1828 977 1858 corpus
985 1818 1086 1859 quies-

255 1869 328 1889 cens
342 1858 479 1899 qualibet
491 1858 522 1888 vi
537 1859 599 1889 sive
613 1859 763 1890 constanti
786 1860 849 1891 sive
862 1861 999 1891 variabili
1013 1871 1087 1891 con-

254 1899 344 1931 tinu&
358 1906 513 1941 urgeatur,
535 1907 566 1931 et
579 1901 691 1932 deinde
705 1901 742 1932 ea
756 1902 910 1933 celeritate
931 1913 1026 1944 quam
1038 1903 1085 1934 vis

255 1943 340 1973 illius
363 1943 483 1973 actione
505 1943 651 1974 continua
672 1944 839 1984 acquisivit,
862 1945 969 1976 contri}¹
987 1945 1084 1976 direc-

254 1985 371 2016 tionem
384 1985 431 2015 vis
444 1985 528 2015 illius
541 1986 693 2026 reagentis
707 1987 890 2028 projiciatur,
907 1994 944 2019 ut
957 1988 1086 2029 vestigia

255 2038 310 2058 sua
323 2027 448 2068 relegat,
464 2037 574 2067 corpus
587 2028 667 2058 illud
681 2028 714 2059 in
727 2029 774 2059 itu
788 2035 818 2060 et
826 2030 927 2061 reditu
942 2040 1000 2061 suo
1014 2041 1087 2061 ean-

256 2070 328 2101 dem
341 2070 466 2101 habebit
479 2070 674 2107 celeritatem,
699 2072 754 2102 ubi
773 2072 813 2102 ad
827 2072 934 2103 eadem
949 2073 1007 2104 viae
1021 2083 1087 2104 suae

255 2118 379 2152 puncta,
405 2112 509 2143 eundo
523 2118 554 2143 et
567 2113 725 2144 redeundo
733 2115 924 2154 pervenerit3
945 2115 1084 2156 adeoque

254 2161 376 2186 motum
385 2155 543 2186 redeundo
552 2165 615 2185 non
625 2156 752 2192 amittet,
764 2157 822 2187 nisi
832 2156 905 2187 cinn
914 2158 1084 2197 pervenerit

254 2197 295 2228 ad
315 2203 469 2237 punctum
483 2208 521 2228 ex
535 2208 598 2238 quo
612 2198 703 2237 coepit
727 2199 831 2230 eundo
852 2200 988 2238 moveri;
1012 2210 1085 2231 nam

255 2239 363 2270 eadem
377 2240 423 2270 vis
443 2240 478 2270 in
500 2240 547 2270 itu
570 2246 601 2271 et
622 2241 724 2272 reditu
747 2242 888 2280 corporis,
915 2242 1085 2283 aequalibus

255 2282 442 2321 temporibus
455 2282 587 2323 aequales
601 2283 762 2315 celeritatis
784 2284 898 2325 gradus
912 2290 1038 2326 generat
1052 2291 1083 2315 et

255 2324 409 2365 extinguit
424 2324 484 2367 (8).

298 2371 348 2397 26.
372 2367 509 2406 Corpora
532 2367 637 2407 gravia
657 2368 690 2398 in
706 2375 793 2400 terrae
815 2369 940 2405 viciniis,
963 2368 1082 2400 sublata

254 2409 349 2440 medii
362 2409 538 2448 resistentia,
546 2415 634 2441 motu
647 2411 843 2443 uniformiter
855 2411 1022 2443 accelerato
1030 2411 1084 2442 de-

254 2451 413 2488 scendunt,
441 2458 473 2482 et
494 2459 583 2483 motu
596 2453 791 2484 uniformiter
804 2454 957 2484 retardato
976 2465 1082 2484 ascen-

255 2494 334 2524 dunt
344 2515 465 2525 ......
486 2495 717 2526 Demonstratio
732 2518 740 2526 .
754 2518 762 2527 .
776 2519 784 2526 .
799 2518 808 2528 .
853 2496 980 2528 Sublata
988 2496 1083 2527 medii

255 2535 424 2567 resistentia
451 2537 534 2567 idem
557 2543 604 2568 est
629 2538 768 2579 ejusdem
796 2539 930 2578 corporis
952 2539 1081 2578 pondus

255 2578 317 2609 sive
333 2578 440 2609 eadem
464 2579 549 2610 illius
563 2579 597 2609 in
618 2580 791 2621 subjectum
815 2581 944 2620 planum
957 2581 1081 2620 pressio,

254 2627 322 2651 tum
337 2621 369 2651 in
384 2621 503 2658 vertice,
520 2628 588 2652 tum
602 2622 636 2652 in
649 2622 750 2653 radice
763 2623 897 2661 montis3
921 2629 966 2653 est
979 2629 1083 2654 autem

254 2663 383 2701 pondus,
401 2674 456 2694 seu
466 2664 510 2694 vis
524 2664 635 2695 motrix
650 2664 722 2707 (15)
739 2671 774 2696 ιιι
789 2675 888 2695 massa
897 2665 930 2694 in
941 2665 1004 2695 vim
1013 2675 1077 2706 gra.

255 2705 355 2736 vitatis
369 2706 610 2737 acceleratrieem
625 2706 736 2738 ducta:
762 2706 837 2748 ergd
857 2717 929 2737 cum
945 2708 1084 2748 ejusdem

255 2748 388 2786 corporis
414 2758 514 2779 massa
542 2749 650 2779 eadem
674 2749 707 2779 in
734 2749 847 2780 vertice
871 2755 902 2780 et
923 2749 958 2779 in
968 2783 971 2786 Α
981 2749 1083 2780 radice

254 2789 368 2819 montis
401 2797 586 2829 permaneat,
610 2791 746 2823 manebit
778 2792 872 2823 etiam
904 2791 1011 2822 eadem
1038 2791 1084 2822 vis

254 2831 446 2861 acceleratrix
467 2833 631 2872 gravitatis.
677 2834 809 2875 Insuper
830 2843 957 2874 corpora
979 2833 1084 2874 gravia

255 2872 288 2902 in
302 2873 403 2903 radice
417 2880 448 2904 et
462 2876 572 2906 vertice
586 2876 700 2907 montis
709 2876 838 2918 aequalia
846 2876 942 2917 spatia
957 2875 1083 2917 aequali-

254 2915 313 2945 bus
326 2916 516 2954 temporibus
538 2925 730 2956 percurrunt,
747 2918 866 2950 sublata
890 2917 967 2949 a’eris
990 2918 1084 2949 resis-

253 2956 358 2993 tentia,
375 2963 411 2988 ut
425 2960 657 2992 accuratissimis
682 2967 791 2993 notum
809 2967 856 2992 est
869 2959 1086 3000 experimentis

255 2998 349 3040 (13):
374 3005 516 3030 constans
529 3007 574 3031 est
588 3002 683 3042 igitur
696 3003 742 3035 vis
755 3002 959 3038 aoeelemuix,
985 3009 1016 3034 et
1029 3013 1085 3043 per

253 3041 350 3072 lineas
372 3040 412 3071 ad
439 3042 625 3074 horizontem
647 3045 913 3085 perpendiculares
935 3044 986 3086 (5)
1009 3045 1080 3076 uni-

252 3082 393 3114 formiter
407 3083 492 3124 agit;
515 3085 619 3124 gravia
634 3086 708 3127 erg&
722 3094 810 3120 motu
820 3087 1016 3119 uniformiter
1029 3097 1080 3118 ac-

252 3125 383 3156 celerato
396 3125 596 3162 descendunt,
613 3134 644 3158 et
656 3130 852 3162 uniformiter
865 3130 1018 3163 retardato
1033 3140 1081 3161 as-

251 3167 389 3199 cendunt
403 3167 485 3209 (25).
504 3168 545 3204 Q·
561 3179 587 3199 e.
602 3169 632 3200 d.

1127 1690 1227 1730 spatia
1245 1701 1315 1732 quae
1337 1699 1449 1730 corpus
1470 1689 1489 1720 ὲ
1510 1689 1614 1730 quiete
1636 1686 1775 1718 cadendo
1799 1685 1961 1726 percurrit,

1127 1739 1201 1770 sunt
1213 1739 1251 1764 ut
1264 1732 1411 1773 quadrata
1424 1738 1600 1771 temporum
1611 1730 1723 1771 quibus
1736 1735 1960 1769 percurruntur

1127 1797 1137 1807 .
1151 1796 1161 1807 .
1174 1797 1184 1806 .
1198 1797 1208 1806 .
1228 1776 1323 1806 Dem.
1340 1797 1349 1806 .
1362 1795 1372 1805 .
1383 1796 1393 1805 .
1407 1796 1416 1805 .
1430 1779 1514 1805 recta
1530 1774 1552 1805 S
1565 1773 1609 1811 K,
1625 1777 1819 1812 repraesentet
1827 1771 1963 1811 spatium

1127 1818 1211 1860 quod
1229 1828 1322 1859 grave
1341 1817 1479 1848 cadendo
1497 1815 1663 1856 percurrit;
1688 1815 1718 1845 T
1731 1815 1768 1850 C,
1787 1814 1817 1845 T
1830 1824 1857 1850 c,
1876 1813 1906 1844 T
1918 1813 1960 1850 B,

1128 1865 1284 1900 exponant
1315 1865 1454 1898 tempora
1481 1859 1594 1899 quibus
1622 1857 1836 1888 describuntur
1863 1855 1962 1895 spatia

1131 1903 1209 1941 SP,
1234 1903 1300 1942 Sp,
1325 1902 1418 1940 SK;
1444 1908 1476 1932 et
1499 1902 1525 1932 C
1547 1902 1587 1937 L,
1609 1900 1661 1936 cl,
1688 1900 1716 1930 B
1741 1899 1785 1935 D,
1809 1898 1848 1929 ad
1872 1898 1959 1935 ΤΒ,

1129 1945 1292 1982 normales,
1309 1944 1472 1985 exhibeant
1486 1943 1654 1974 celeritates
1668 1941 1857 1981 temporibus
1873 1940 1903 1971 T
1921 1941 1958 1978 C,

1131 1988 1162 2019 T
1175 1998 1203 2026 c,
1221 1988 1251 2019 T
1264 1988 1303 2024 B,
1320 1997 1375 2026 per
1387 1987 1484 2026 spatia
1501 1987 1522 2017 S
1539 1985 1577 2023 P,
1595 1986 1659 2024 Sp,
1677 1984 1699 2015 S
1717 1984 1761 2020 K,
1777 1983 1958 2023 acquisitas3

1128 2031 1202 2071 quia
1219 2030 1253 2061 in
1273 2037 1363 2060 motu
1380 2029 1575 2059 uniformiter
1592 2026 1768 2063 accelerato,
1792 2025 1961 2056 celeritates

1128 2079 1202 2105 sunt
1212 2078 1248 2104 ut
1257 2078 1402 2111 tempora,
1418 2070 1499 2113 (25),
1511 2071 1568 2101 erit
1579 2070 1608 2101 T
1617 2069 1662 2101 C:
1679 2069 1736 2100 Tc
1746 2081 1791 2098 =
1803 2067 1890 2099 C-L:
1904 2066 1959 2109 clg

1128 2121 1161 2146 et
1183 2115 1331 2147 TC:T
1353 2114 1486 2145 B=C
1510 2112 1615 2144 L:B
1640 2111 1684 2148 D,
1707 2110 1845 2150 ade6que
1865 2116 1958 2148 recta,

1130 2158 1161 2190 T
1181 2159 1225 2194 D,
1248 2156 1357 2188 transit
1376 2166 1431 2196 per
1451 2161 1567 2195 puncta
1588 2155 1628 2191 L,
1654 2160 1686 2184 et
1705 2153 1727 2190 1,
1753 2159 1785 2183 et
1805 2151 1960 2193 triangula

1130 2202 1160 2232 T
1173 2201 1200 2233 C
1213 2200 1253 2238 L,
1271 2200 1328 2230 Tc
1342 2199 1364 2236 l,
1382 2199 1412 2230 T
1427 2199 1454 2229 Β
1471 2198 1515 2235 Ι),
1531 2197 1642 2228 similia
1656 2201 1736 2227 sunt.
1772 2195 1846 2226 Jam
1860 2194 1960 2235 finga-

1127 2255 1198 2276 mus
1211 2244 1335 2280 lineam‚
1359 2251 1376 2271 e
1391 2241 1412 2278 l,
1435 2247 1523 2270 motu
1538 2239 1594 2270 sibi
1609 2248 1728 2278 semper
1749 2236 1901 2285 parallelo·
1914 2235 1959 2266 ita

1128 2286 1271 2319 accedere
1292 2286 1331 2316 ad
1353 2284 1467 2316 lineam
1492 2283 1519 2314 C
1536 2282 1572 2318 L,
1596 2287 1633 2312 ut
1652 2280 1776 2312 tandem
1797 2289 1869 2309 cum
1889 2278 1959 2328 ipsa

1127 2329 1295 2366 coincidat3
1311 2331 1509 2359 evanescente
1522 2322 1714 2363 tempuscula
1728 2322 1754 2353 C
1765 2331 1792 2358 c,
1809 2321 1956 2357 celeritas,

1128 2383 1146 2403 c
1160 2372 1181 2410 l,
1205 2381 1268 2402 non
1289 2370 1409 2401 differet
1429 2381 1448 2400 a
1468 2365 1619 2400 celeritate
1637 2365 1662 2396 C
1679 2364 1719 2401 L,
1742 2361 1882 2404 adeoque
1902 2373 1958 2403 per

1126 2413 1356 2453 tempusculum
1365 2411 1486 2443 infinite
1494 2420 1622 2450 parvum
1634 2417 1690 2440 seu
1701 2415 1884 2437 evanescens
1895 2406 1922 2437 C
1928 2416 1955 2443 c,

1127 2456 1273 2491 celeritas,
1300 2456 1326 2486 C
1343 2455 1382 2492 L,
1404 2453 1569 2485 uniformis
1590 2449 1706 2482 censeri
1719 2454 1830 2490 potest·
1877 2447 1955 2479 Por-

1126 2499 1162 2530 τὸ
1176 2498 1272 2539 spatia
1291 2502 1379 2528 motu
1401 2495 1544 2536 aequabili
1564 2494 1714 2533 descripta
1727 2497 1800 2523 sunt
1821 2496 1858 2525 ut
1877 2490 1957 2523 eele-

1125 2541 1198 2572 ritas
1222 2540 1254 2570 in
1279 2545 1401 2579 tempus
1425 2537 1519 2569 ducta
1541 2536 1602 2579 (5),
1629 2535 1704 2577 ergo
1724 2534 1857 2584 spatipm
1881 2531 1955 2574 Pp,

1126 2582 1210 2624 quod
1224 2580 1427 2621 tempusculo,
1446 2580 1472 2611 C
1487 2590 1514 2617 c,
1531 2578 1667 2618 percurri
1682 2587 1894 2618 supponimus,
1909 2582 1956 2627 est

1126 2632 1163 2656 ut
1182 2623 1408 2665 rectangulum‚
1434 2623 1460 2654 C
1477 2622 1506 2653 L
1524 2626 1558 2659 ><
1579 2621 1605 2652 C
1621 2631 1638 2652 c
1652 2634 1698 2650 =
1716 2621 1743 2652 C
1757 2619 1798 2657 ἀς
1821 2629 1916 2660 quare
1929 2629 1958 2659 si

1126 2673 1226 2699 totum
1241 2673 1373 2705 tempus,
1391 2666 1420 2697 T
1437 2665 1474 2702 C,
1489 2664 1523 2695 in
1537 2662 1730 2703 tempuscula
1743 2662 1906 2693 innumera
1919 2666 1957 2692 ut

1129 2710 1155 2741 C
1170 2720 1197 2745 c,
1224 2708 1355 2740 divisum
1375 2707 1573 2747 concipiatur,
1601 2711 1632 2737 et
1656 2704 1797 2735 similiter
1820 2703 1957 2752 spati-um

1129 2752 1151 2783 S
1164 2752 1202 2790 P,
1217 2758 1353 2791 tempore
1366 2750 1396 2781 T
1409 2750 1445 2786 C,
1457 2757 1634 2789 pereni-sum
1646 2746 1816 2779 intotidem
1827 2745 1957 2786 spatiola

1126 2794 1345 2830 evanescentia,
1361 2791 1492 2833 singulis
1505 2789 1705 2830 tempusculis
1715 2787 1955 2828 corresponden-

1126 2836 1209 2869 tibus
1222 2846 1366 2876 percursa
1385 2833 1548 2870 dividatur,
1571 2831 1628 2863 erit
1649 2841 1772 2862 summa
1792 2836 1956 2872 rectnngu—

1125 2879 1229 2911 lorum
1252 2878 1278 2910 C
1299 2877 1331 2915 d,
1357 2878 1415 2908 hoc
1436 2882 1484 2907 est
1502 2885 1572 2907 area
1592 2873 1740 2916 trianguli
1763 2873 1794 2905 T
1810 2873 1836 2904 C
1852 2872 1894 2911 L,
1919 2876 1957 2904 ut

1125 2931 1247 2954 summa
1261 2919 1461 2960 spatiolorum
1479 2918 1507 2949 P
1517 2929 1548 2958 p,
1563 2916 1597 2948 id
1607 2922 1653 2948 est
1662 2923 1700 2947 ut
1715 2916 1737 2947 S
1748 2926 1786 2956 p;
1802 2921 1833 2946 et
1846 2913 1956 2946 eodem

1124 2963 1219 2996 modo
1246 2963 1473 2994 demonstratur
1499 2969 1603 2991 aream
1630 2958 1777 2999 trianguli
1803 2957 1834 2988 T
1856 2957 1886 2989 B
1909 2955 1955 2994 D.
2013 2994 2017 2997 η

1124 3017 1189 3038 esse
1199 3012 1240 3038 ut
1252 3004 1386 3046 spatium
1403 3003 1425 3035 S
1440 3003 1485 3039 K,
1501 3008 1639 3042 tempore
1655 3001 1684 3032 T
1701 3001 1740 3036 B.
1763 3007 1953 3040 pei-cursum.

1127 3049 1187 3080 Est
1200 3048 1296 3091 igitur
1309 3046 1501 3088 triangulum
1517 3045 1547 3077 T
1561 3044 1587 3076 C
1604 3043 1634 3075 L
1649 3056 1656 3075 z
1678 3043 1707 3075 Τ
1724 3043 1753 3075 Β
1772 3043 1862 3075 D=
1873 3039 1952 3072 81³⁸

1129 3091 1152 3123 S
1165 3091 1208 3122 K.
1250 3089 1310 3122 Sed
1325 3087 1553 3130 triangulorum
1567 3085 1715 3118 similium
1729 3095 1807 3116 areae
1823 3083 1854 3116 T
1869 3082 1896 3115 C
1912 3081 1954 3121 L,

1129 3134 1159 3166 T
1169 3135 1198 3166 Β
1213 3133 1257 3172 D,
1273 3138 1345 3164 sunt
1359 3137 1396 3163 ut
1409 3129 1557 3173 quadrata
1565 3129 1697 3161 laterum
1707 3126 1954 3168 nummorum,
