2086 3542
97 231 246 273 ann
269 230 487 284 anus.]
577 231 900 277 PRINCIPIA
920 233 1423 279 MATHEMATICA.
1719 242 1805 284 415

91 351 286 403 cularem,
308 351 485 394 alterum
503 351 651 393 iisdem
669 352 928 407 parallelum.
987 353 1064 395 Vis
1083 353 1340 395 attractionis
1359 354 1424 395 vel
1444 354 1656 409 impulsus,
1679 371 1806 414 agen·

90 423 147 466 do
166 424 395 466 secundum
413 423 543 469 lineas
563 425 941 479 perpendiculares,
963 424 1023 466 nil
1042 433 1176 467 mutat
1193 434 1352 468 motum
1374 427 1600 469 secundum
1630 428 1803 483 paralle-

86 495 164 548 las,
187 504 228 538 et
246 505 467 553 propterea
488 511 639 552 corpus
659 497 740 539 hoc
759 505 877 539 motu
897 498 1089 540 conficiet
1106 498 1334 554 aequalibus
1355 500 1610 554 temporibus
1630 500 1804 556 aequalia

87 568 160 610 illa
179 568 407 611 secundum
431 568 649 624 parallelas
669 569 897 620 intervalla,
920 584 1014 626 quae
1034 577 1130 611 sunt
1147 570 1258 611 inter
1285 569 1437 611 lineam
1467 571 1505 612 A
1530 571 1575 613 G
1604 579 1646 613 et
1674 586 1805 626 punc-

86 649 179 683 tum
201 642 264 692 H,
286 642 476 698 interque
496 649 698 696 punctum
719 641 742 684 Ι
773 650 814 683 et
841 641 992 683 lineam
1014 641 1043 683 d
1064 641 1134 691 K;
1166 642 1216 696 (¹¹)
1237 641 1318 683 hoc
1337 650 1412 693 est,
1444 643 1670 698 aequalibus
1699 651 1804 685 tem-

86 713 259 768 poribus
280 713 488 755 describet
506 713 635 755 lineas
658 713 702 755 G
723 713 785 764 H,
817 713 839 754 I
862 713 918 754 K.
960 713 1162 768 *Proinde
1191 713 1384 756 velocitas
1413 721 1508 755 ante
1537 714 1803 756 incidentiam

87 793 151 827 est
169 785 224 827 ad
243 785 502 827 velocitatem
520 792 616 840 post
635 785 944 841 emergentiam,
966 793 1012 826 ut
1033 785 1076 827 G
1097 785 1147 827 H
1166 785 1220 826 ad
1241 786 1263 827 Ι
1286 786 1328 827 Κ
1348 785 1415 827 vel
1434 785 1476 827 T
1497 785 1559 836 H,
1593 786 1642 841 (⁰)
1663 786 1707 827 id
1726 793 1800 836 est,

85 862 134 897 ut
154 856 196 898 A
218 856 268 898 H
288 856 354 898 vel
374 857 396 898 1
417 856 446 897 d
466 856 520 897 ad
539 871 565 897 v
588 856 649 906 H,
685 855 767 896 hoc
801 864 864 897 est
899 859 1107 911 (respectu
1135 856 1239 898 radii
1262 856 1307 898 T
1327 856 1377 899 H
1396 856 1462 899 vel
1482 856 1504 898 I
1527 856 1588 910 K)
1618 856 1671 912 (P)
1688 859 1800 897 sinus

86 927 352 984 emergentiae
371 926 426 969 ad
446 927 582 969 sinum
602 925 850 969 incidentiae.
912 926 969 976 Q.
990 940 1026 968 e.
1048 925 1089 968 d.

401 1121 780 1166 PROPOSITIO
810 1119 977 1164 XCVI.
1037 1121 1399 1165 THEOREMA
1428 1123 1480 1164 L.

80 1252 226 1294 Iisdem
238 1251 396 1306 positis,
419 1252 471 1307 (¹1)
493 1257 531 1292 et
551 1252 655 1305 quod
672 1257 794 1292 motus
812 1257 906 1292 ante
939 1251 1192 1293 incidentium
1223 1252 1390 1293 velocior
1423 1252 1478 1293 sit
1500 1264 1618 1306 quam
1641 1259 1797 1306 postea,

139 1326 226 1367 dico
246 1326 349 1380 quod
367 1338 517 1378 corpus,
540 1325 768 1365 inclinando
787 1325 929 1365 lineam
951 1325 1187 1375 incidentiae,
1209 1326 1425 1383 rgflectetur
1453 1326 1624 1376 tandem,
1655 1332 1692 1366 et
1723 1340 1799 1366 an-

134 1399 249 1454 gulus
266 1397 574 1454 rgflexionisfiet
592 1397 756 1451 aequalis
775 1398 920 1452 angulo
939 1397 1176 1439 incidentiae.
1203 1391 1206 1393 Α

140 1528 252 1571 Nam
279 1529 454 1584 concipe
483 1543 633 1584 corpus
664 1528 772 1570 inter
802 1526 999 1583 parallela
1029 1527 1155 1582 plana
1175 1528 1213 1570 A
1236 1543 1273 1578 a,
1298 1528 1336 1570 B
1356 1529 1398 1578 b,
1423 1528 1459 1570 C
1479 1543 1514 1577 c,
1536 1527 1612 1570 διο.
1644 1525 1800 1572 descri-

79 1599 179 1642 bere
198 1614 318 1642 arcus
338 1600 610 1655 parabolicos,
631 1607 679 1642 ut
698 1613 850 1655 supra3
881 1599 1045 1656 sintque
1064 1612 1183 1641 arcus
1204 1598 1264 1640 illi
1295 1599 1344 1642 H
1366 1599 1415 1650 P,
1440 1600 1476 1642 P
1498 1600 1554 1650 Q,
1579 1600 1622 1650 Q
1645 1601 1698 1652 R,
1719 1600 1799 1643 διο.

80 1672 138 1714 Et
157 1673 210 1714 sit
233 1688 282 1715 ea
310 1674 433 1716 lineae
462 1674 565 1715 inci-

78 1743 231 1786 dentiae
253 1745 297 1787 G
314 1745 364 1786 H
384 1744 562 1801 obliqui·
700 1771 746 1815 G

3 1861 5 1863 ,
79 1824 141 1858 tas
176 1816 230 1858 ad
263 1815 434 1872 planum
472 1815 559 1870 pri·
731 1748 965 1898 ΧΗ
1475 1852 1509 1893 h

77 1902 194 1928 mum
226 1886 266 1927 A
295 1901 334 1937 a,
369 1894 416 1928 ut
447 1887 559 1927 sinus
1428 1943 1431 1945 -
1745 1892 1779 1968 lt»

653 1897 1774 2070 ,QS

1750 2050 1773 2076 e

80 2189 205 2232 quam
223 2173 351 2214 habet
369 2172 479 2214 idem
500 2173 612 2214 sinus
632 2172 870 2215 incidentiae
882 2173 944 2215 ·ad
964 2173 1102 2216 sinum
1122 2173 1388 2231 emergentiae
1407 2189 1461 2216 ex
1479 2173 1606 2229 plano
1625 2170 1670 2216 D
1690 2172 1731 2223 d,
1754 2174 1796 2215 in

80 2246 259 2302 spatium
279 2245 324 2286 D
344 2244 374 2285 d
394 2259 417 2286 e
439 2244 502 2286 E:
535 2253 576 2286 et
596 2245 651 2286 ob
672 2245 808 2286 sinum
838 2245 1104 2302 emergentiae
1127 2246 1216 2301 jam
1246 2245 1401 2286 factum
1429 2245 1630 2301 aequalem
1665 2244 1798 2296 radio,

79 2318 255 2375 angulus
276 2316 542 2374 emergentiae
561 2318 640 2358 erit
659 2326 810 2368 rectus,
831 2317 1010 2373 ideoque
1035 2317 1146 2358 linea
1174 2317 1439 2374 emergentiae
1469 2316 1675 2358 coincidet
1703 2331 1798 2363 cum

78 2390 207 2446 plano
226 2389 271 2431 D
291 2388 334 2431 d.
396 2388 616 2437 Perveniat
635 2403 785 2443 corpus
806 2388 861 2430 ad
879 2388 961 2429 hoc
979 2388 1153 2443 planum
1184 2388 1228 2429 in
1257 2395 1415 2443 puncto
1435 2386 1504 2438 R3
1534 2397 1575 2429 et
1604 2388 1798 2444 quoniam

78 2463 189 2505 linea
209 2461 474 2519 emergenti'ae
493 2461 688 2503 coincidit
708 2476 802 2502 cum
822 2461 968 2503 eodem
988 2461 1128 2516 plano,
1148 2452 1415 2516 perspicuum
1435 2469 1496 2503 est
1515 2462 1627 2517 quod
1647 2476 1798 2516 corpus

80 2549 168 2578 non
185 2541 323 2591 potest
342 2533 450 2576 ultra
468 2547 644 2590 pergere
663 2545 806 2575 versus
826 2533 999 2588 planum
1019 2532 1058 2575 E
1078 2544 1116 2574 e.
1175 2532 1261 2575 Sed
1287 2546 1364 2575 nec
1391 2541 1530 2588 potest
1559 2534 1671 2576 idem
1701 2551 1798 2592 per-

78 1959 314 2001 incidentiae
335 1959 387 2000 sit
415 1959 468 2000 ad
494 1973 561 2000 ra-

80 2032 195 2073 dium
202 2030 358 2081 circuli,
373 2031 488 2085 cujus
499 2037 563 2071 est

80 2102 207 2152 sinus,
243 2101 284 2141 in
321 2099 368 2142 efi
403 2100 562 2142 ratione

606 1864 670 2083 μυωω>

126 2664 173 2704 (“)
197 2667 215 2685 ’
240 2666 310 2696 Hoc
328 2671 380 2701 est,
405 2665 572 2704 aequalibus
590 2664 777 2703 temporibus.
828 2663 916 2699 Quo-
958 2662 1053 2703 gulus
1069 2673 1087 2693 v
1105 2663 1134 2693 T
1150 2661 1188 2692 H
1202 2662 1312 2702 anguli
1328 2662 1358 2693 Τ
1374 2662 1411 2693 H
1426 2670 1454 2697 v,
1482 2668 1514 2694 et
1533 2662 1670 2704 angulus
1690 2664 1710 2695 I
1726 2664 1759 2696 K
1775 2665 1798 2696 d

83 2707 168 2738 niam
181 2713 270 2737 motu
291 2707 460 2746 composito
485 2716 596 2745 corpus
619 2706 717 2735 fertur
742 2714 796 2744 per
820 2704 917 2735 lineas
959 2705 1068 2745 anguli
1085 2706 1118 2736 K
1132 2706 1150 2736 1
1165 2705 1195 2740 d,
1211 2704 1476 2743 complementum
1491 2705 1531 2736 ad
1545 2712 1672 2742 rectum;
1685 2713 1716 2737 et
1726 2717 1799 2746 pro-

87 2751 119 2781 G
137 2749 172 2779 H
198 2755 230 2778 et
255 2749 273 2779 Ι
290 2749 333 2783 K,
361 2748 471 2779 eodem
492 2754 630 2787 tempore
652 2747 795 2778 describit
823 2747 850 2778 G
880 2747 916 2777 H
959 2747 1033 2778 inde
1049 2747 1142 2788 (558)
1159 2746 1242 2786 prior
1255 2753 1302 2777 aet
1323 2747 1450 2787 aequalis
1471 2748 1590 2788 angulo
1609 2749 1797 2789 incidentir,

83 2802 147 2833 quo
164 2791 195 2821 A
213 2791 260 2825 H,
277 2797 308 2821 et
324 2791 341 2821 I
358 2791 390 2820 K
405 2801 468 2831 quo
483 2791 500 2821 I
531 2789 630 2829 ἀραί
645 2792 697 2831 (ex
711 2789 824 2824 Πρω.)
839 2796 918 2821 tem·
963 2789 1114 2830 posterior
1128 2795 1173 2821 est
1188 2789 1314 2830 aequalis
1327 2789 1445 2830 angulo
1459 2791 1667 2831 emergentia».

84 2844 160 2875 pom
172 2833 286 2874 quibus
308 2832 514 2864 conficiuntur
536 2833 699 2863 intervalla
722 2832 868 2871 parallela
889 2838 920 2863 et
1006 2832 1051 2875 (¹¹)
1076 2836 1093 2852 ”
1118 2835 1162 2865 Ec
1187 2835 1268 2874 quod
1291 2839 1390 2864 motus
1415 2831 1486 2864 απιὲ
1508 2834 1715 2870 incidentium,
1740 2835 1789 2866 &e

86 2875 218 2916 aequnlia
235 2876 264 2905 A
277 2874 325 2911 H,
342 2875 361 2904 1
375 2875 408 2905 D
420 2881 590 2915 sequautur,
606 2874 681 2916 ergo
695 2885 806 2914 corpus
816 2885 919 2916 aequa-
965 2874 1012 2906 Ut
1025 2875 1160 2916 angulus
1174 2875 1372 2915 emergentiae
1396 2883 1518 2914 semper
1541 2882 1656 2907 crescat
1682 2876 1793 2919 (Prop-

86 2919 170 2949 libus
183 2917 374 2956 temporibus
387 2916 530 2948 describit
543 2918 641 2948 lineas
659 2918 689 2948 G
707 2918 742 2947 H
759 2924 790 2948 et
806 2918 823 2948 1
843 2917 887 2948 Κ.
965 2917 1034 2956 95.)
1051 2925 1082 2948 et
1095 2918 1191 2957 ipsius
1204 2916 1333 2956 proinde
1347 2917 1610 2957 complementum
1624 2918 1663 2949 ad
1677 2925 1795 2950 recmm

130 2959 176 3002 (⁰)
200 2962 219 2980 ⁰
241 2961 281 2990 Id
305 2965 348 2990 esc
371 2965 409 2990 ut
434 2960 465 2989 A
480 2962 521 2991 H
541 2962 586 2991 vel
607 2962 662 2991 Id
676 2962 716 2991 ad
731 2972 749 2991 υ
764 2961 811 2991 Η.
858 2960 922 2990 Per
963 2970 1084 2999 semper
1098 2960 1252 2992 decrescat
1271 2959 1305 2990 in
1319 2959 1449 2992 transitu
1464 2961 1598 3001 corporis
1611 2961 1796 3002 pen-diversa

89 3003 181 3042 Prop.
195 3005 224 3032 2.
238 3001 291 3031 lib.
306 3005 335 3032 6.
352 3001 455 3031 Elem.
960 3001 1073 3034 media.

128 3044 175 3085 (Ρ)
200 3046 218 3065 ⁴
249 3045 290 3077 Ut
314 3045 399 3077 sinus
424 3046 623 3084 emergemiae.
671 3045 730 3075 Est
754 3044 838 3075 enim
863 3055 919 3076 au-
