2086 3542
109 2718 114 2721 ·
177 2701 310 2732 bendum
324 2701 449 2732 indicat.

189 261 336 306 Lam
358 263 574 316 pamm]
637 262 962 306 ancn’lA
994 261 1491 305 MATHEMATICA.
1640 225 1644 229 ’
1815 266 1907 304 219

185 393 283 435 ceps
301 356 656 422 determinabitur.
700 378 828 420 Sume
848 376 1047 434 angulum
1064 374 1106 418 T
1116 375 1474 431 proportionalem
1488 377 1668 430 tempori
1682 391 1766 432 quo
1781 391 1901 419 arcus

185 450 224 492 B
243 451 278 492 P
296 449 525 504 descriptus
545 457 621 499 est,
642 462 716 489 seu
734 448 867 489 motui
887 446 1027 488 medio
1048 449 1112 501 (ut
1124 445 1370 502 loquuntur)
1389 445 1615 501 aequalem;
1645 455 1688 488 et
1701 447 1901 504 angulum

182 521 236 572 V,
250 521 427 576 primam
438 518 564 560 medii
578 526 716 560 motus
729 518 1019 574 aequationem,
1034 517 1088 558 ad
1100 517 1300 574 angulum
1313 517 1368 568 Y,
1383 517 1661 573 aequationem
1675 517 1900 559 maximam

181 593 370 650 primam,
391 600 439 633 ut
458 600 520 633 est
540 591 653 633 sinus
673 590 791 646 dupli
810 590 954 648 anguli
974 590 1017 632 T
1030 589 1086 632 ad
1105 590 1292 640 radium3
1324 599 1448 647 atque
1464 590 1665 647 angulum
1682 590 1742 640 X,
1760 605 1899 646 aequa-

179 665 335 707 tionem
355 662 594 714 secundam,
616 662 670 704 ad
690 662 891 719 angulum
908 661 956 714 Z,
978 661 1256 718 aequationem
1269 663 1494 704 maximam
1513 662 1752 714 secundam,
1774 670 1821 704 ut
1835 671 1898 706 est

179 737 310 779 cubus
334 737 447 779 sinus
466 736 609 794 anguli
623 736 663 777 T
678 736 733 777 ad
752 736 907 777 cubum
925 735 1044 777 radii.
1092 735 1359 792 Angulorum
1374 734 1429 787 T,
1445 735 1499 787 V,
1513 736 1562 777 X
1582 735 1648 778 vel
1669 750 1842 778 summae
1855 736 1898 779 T

186 816 230 860 -Ι-
254 810 300 852 Χ
322 816 365 860 -Ι-
388 810 442 861 V,
465 810 501 852 si
520 808 698 867 angulus
719 808 762 850 T
781 816 896 850 recto
914 809 1053 849 minor
1073 815 1148 859 est,
1166 808 1232 850 vel
1251 807 1496 850 differentiae
1517 807 1561 850 T
1581 814 1625 858 -1-
1648 808 1695 850 X
1710 833 1768 840 —
1783 809 1838 859 V,
1861 810 1897 850 si

177 868 212 923 is
230 890 345 924 recto
363 883 495 938 major
515 889 578 924 est
597 881 800 937 rectisque
819 880 983 921 duobus
998 879 1149 930 minor,
1166 880 1372 936 aequalem
1387 894 1490 935 cape
1504 879 1705 937 angulum
1722 880 1761 922 B
1776 881 1825 922 H
1842 882 1892 932 P,

176 964 340 999 motum
360 956 545 999 medium
563 966 795 1012 aequatum3
826 965 870 997 et
890 955 924 997 si
946 955 996 997 H
1018 955 1054 997 P
1074 965 1265 997 occurrat
1284 957 1419 1012 ellipsi
1438 956 1483 998 in
1506 956 1555 1007 P,
1577 956 1669 998 acta
1684 979 1689 981 >
1702 957 1733 999 S
1755 957 1790 998 P
1819 959 1893 1000 ab·

176 1026 338 1069 scindet
355 1042 495 1069 aream
513 1027 551 1069 B
565 1027 598 1070 S
614 1027 650 1068 P
664 1026 842 1082 tempori
857 1025 1214 1081 proportionalem
1229 1042 1355 1083 quam
1366 1026 1572 1082 proxime.
1628 1025 1741 1069 Haec
1752 1029 1895 1083 praxis

176 1098 276 1140 satis
294 1098 489 1154 expedita
507 1098 683 1149 videtur,
704 1106 929 1154 propterea
947 1097 1060 1154 quod
1080 1098 1331 1156 angulorum
1359 1099 1687 1156 perexiguorum
1710 1100 1751 1141 V
1771 1108 1814 1141 et
1834 1100 1894 1151 X,

176 1170 222 1212 in
240 1171 411 1217 minutis
433 1170 635 1223 secundis,
658 1171 692 1212 si
709 1170 859 1226 placet,
880 1171 1127 1227 positorum,
1150 1172 1307 1229 figuras
1328 1172 1431 1214 duas
1451 1181 1586 1216 tresve
1604 1173 1762 1229 primas
1774 1174 1896 1230 ‘inve-

174 1243 266 1284 nire
286 1244 447 1286 sufficit.
509 1244 594 1286 Sed
613 1251 656 1286 et
674 1243 773 1286 satis
792 1253 985 1286 accurata
1003 1252 1067 1287 est
1086 1243 1141 1285 ad
1159 1243 1364 1286 theoriam
1383 1245 1657 1301 planetarum.
1718 1247 1830 1289 Nam
1849 1247 1895 1288 in

176 1314 279 1358 orbe
297 1315 364 1358 vel
385 1315 538 1358 Martis
557 1315 700 1371 ipsius,
731 1316 848 1371 cujus
868 1315 1045 1371 aequatio
1066 1315 1198 1357 centri
1217 1316 1400 1358 maxima
1419 1325 1482 1359 est
1499 1317 1706 1374 graduum
1735 1318 1893 1370 decem,

177 1402 295 1431 error
313 1388 384 1430 vix
413 1387 623 1443 superabit
650 1387 858 1428 minutum
888 1400 1020 1427 unum
1052 1386 1295 1429 secundum.
1358 1387 1535 1429 Invento
1570 1396 1709 1430 autem
1740 1390 1895 1447 angulo

176 1470 312 1503 motus
331 1460 459 1503 medii
477 1459 630 1516 aequati
650 1459 689 1502 B
710 1459 760 1501 H
781 1459 832 1510 P,
852 1458 1029 1517 angulus
1048 1459 1136 1501 veri
1155 1468 1294 1502 motus
1327 1459 1365 1503 B
1389 1462 1420 1504 S
1444 1460 1479 1502 P
1508 1469 1551 1503 et
1579 1461 1775 1504 distantia
1805 1464 1835 1506 S
1858 1463 1894 1505 P

176 1532 220 1574 in
238 1540 437 1588 promptu
456 1538 552 1573 sunt
569 1545 646 1586 per
665 1530 910 1573 methodum
929 1530 1200 1575 notissimam.
1233 1530 1286 1586 (ἀ)

237 1606 454 1647 Hactenus
473 1604 526 1646 de
544 1610 662 1645 motu
693 1617 917 1659 corporum
945 1603 990 1645 in
1018 1602 1139 1645 lineis
1169 1604 1318 1646 curvis.
1381 1605 1494 1648 Fieri
1521 1614 1662 1649 autem
1680 1615 1820 1663 potest
1846 1617 1894 1652 ut

175 1676 328 1719 mobile
347 1675 461 1718 recta
480 1674 706 1717 descendat
734 1673 800 1716 vel
828 1673 940 1716 recta
970 1674 1182 1726 ascendat,
1213 1682 1256 1717 et
1284 1690 1379 1732 quae
1407 1676 1462 1719 ad
1491 1677 1726 1721 istiusmodi
1754 1688 1892 1723 motus

175 1747 375 1806 spectant,
395 1762 528 1805 pergo
539 1748 629 1804 jam
648 1761 871 1803 exponere.

219 1849 263 1891 (θ)
287 1851 359 1881 885.
386 1848 542 1888 Ellipseos
556 1856 649 1889 quam
665 1845 789 1886 planeta
805 1844 949 1876 describit
969 1844 1010 1876 sit
1053 1844 1094 1875 M
1110 1844 1147 1875 H
1161 1844 1202 1876 sit
1215 1854 1337 1885 semper
1349 1844 1454 1876 minor
1476 1846 1508 1878 0
1524 1845 1562 1876 H
1581 1845 1727 1879 distantia
1743 1849 1849 1880 centn·
1869 1861 1890 1882 a

177 1900 318 1923 centrum
335 1893 377 1928 O,
401 1891 537 1922 umbilici
562 1891 595 1928 S,
613 1890 660 1927 H,
687 1896 718 1920 et
743 1888 892 1919 semines
916 1888 947 1919 O
967 1888 1007 1925 B,
1050 1887 1132 1924 foce,
1147 1887 1247 1929 sitque
1262 1888 1289 1918 P
1302 1888 1494 1920 Hdistantia
1507 1888 1569 1920 foci
1585 1889 1622 1920 H
1636 1890 1678 1920 ad
1691 1897 1845 1929 punctum
1858 1893 1889 1924 P

181 1935 212 1966 O
230 1935 284 1973 D;
309 1935 380 1965 Sole
401 1935 435 1965 in
459 1934 482 1965 S
501 1934 601 1973 posito
620 1931 787 1963 umbilicus
807 1930 885 1961 alter
901 1931 936 1961 H
952 1931 1028 1961 erit
1051 1930 1202 1969 ellipseoa
1215 1930 1330 1972 exigua
1339 1929 1398 1962 eie
1409 1931 1448 1961 M
1462 1932 1492 1962 H
1504 1938 1645 1971 respectu
1658 1932 1694 1963 H
1707 1933 1743 1970 P,
1756 1933 1888 1976 ideoque

178 1976 244 2008 sere
257 1983 398 2008 centrum
410 1976 504 2007 medii
519 1975 622 2007 motus
635 1974 776 2014 planeta,
794 1974 887 2015 (372)
903 1973 935 2004 id
951 1981 1006 2012 est,
1050 1973 1201 2004 minimus
1221 1980 1268 2005 est
1287 1973 1424 2015 angulus
1450 1974 1489 2005 M
1507 1975 1536 2006 Ρ
1553 1974 1590 2005 H
1612 1981 1753 2016 respectu
1778 1979 1886 2019 anguli

178 2019 205 2051 si
218 2029 258 2050 ex
270 2019 417 2050 umbilico
429 2019 466 2050 H
477 2025 587 2060 agatur
599 2018 682 2048 linea
694 2017 729 2047 H
743 2017 771 2054 1,
782 2027 851 2057 quae
862 2026 936 2046 cum

177 2061 331 2101 lineaapsn
322 2062 407 2092 dum
420 2062 494 2099 OB,
505 2038 829 2100 constituatangulum
843 2059 933 2090 IHB

177 2105 340 2136 anomaliae
359 2104 470 2135 mediae
491 2103 652 2144 aeq‚ualem
673 2109 756 2132 recta
779 2101 833 2132 illa
850 2101 886 2131 H
904 2101 933 2139 1,

175 2146 242 2179 fere
254 2147 394 2178 transibit
406 2156 462 2187 per
473 2146 577 2177 locum
590 2146 723 2186 planetae
737 2145 770 2175 in
780 2144 878 2176 orbita
888 2144 933 2175 el-

175 2189 282 2230 liptica
294 2199 405 2230 parum
416 2188 588 2220 excentrica
597 2187 789 2224 revolventis,
799 2193 934 2219 transeat

174 2239 281 2264 antem
297 2232 333 2263 H
351 2231 388 2269 1³,
404 2242 458 2271 per
471 2231 575 2262 locum
589 2240 696 2261 verum
710 2229 842 2269 planeta
860 2231 888 2261 P
901 2237 934 2262 et

174 2275 279 2307 eritan
325 2274 504 2308 lusPHI,
516 2272 875 2304 anomaliaemediaeIH
891 2273 931 2311 Β,

174 2317 276 2350 adden
299 2328 336 2349 us
345 2316 406 2360 (vel
419 2314 637 2354 detrahendus)
651 2321 687 2346 ut
697 2320 801 2346 motus
811 2316 933 2347 medius

173 2366 313 2402 aequatus
326 2361 355 2391 B
366 2360 402 2390 H
417 2360 445 2390 P
455 2360 612 2395 habeatur,
628 2365 658 2388 et
672 2357 807 2399 angulus
823 2359 852 2390 P
863 2359 899 2389 H
912 2358 932 2389 I

173 2410 229 2435 aut
254 2403 315 2443 ipsi
342 2402 544 2443 aequipollens
567 2401 687 2431 dicetur
711 2402 843 2440 equatio
868 2407 933 2432 tota

288 2452 399 2481 motus,
423 2447 517 2485 quain
542 2444 575 2474 in
598 2443 676 2474 duas
697 2449 798 2483 partes
822 2443 933 2475 dividit
980 2482 982 2488 γ

174 2489 358 2526 Newtonus,
373 2497 506 2529 quarum
520 2496 616 2517 unam
630 2486 762 2525 primam
784 2488 957 2527 aequatio-.

174 2541 248 2562 nem
262 2538 293 2562 et
306 2531 434 2562 alteram
455 2529 622 2560 secundam
647 2530 853 2579 aequationem
878 2541 931 2560 vo-

174 2580 244 2611 cat;
267 2573 451 2604 determinat
465 2571 628 2613 singulas
618 2581 652 2601 ιιι
673 2572 711 2602 iis
731 2572 856 2621 punctis
877 2573 931 2603 ubi

173 2616 317 2646 maximae
331 2621 412 2653 sunt,
435 2621 467 2646 et
489 2614 640 2645 rationem
662 2615 808 2646 maximae
830 2626 934 2656 sequa-

173 2658 266 2689 tionis
279 2658 320 2690 ad
333 2658 454 2690 alium·
444 2668 479 2688 m
492 2658 565 2688 dato
578 2657 687 2699 quovis
707 2664 825 2697 puncto
845 2659 932 2689 adhi-

219 2743 433 2775 Praeoedentoe
466 2743 628 2775 methodos
655 2743 850 2776 illustrarunt
877 2745 932 2777 de-

176 2787 445 2818 monstrationibus
458 2793 490 2818 et
503 2787 652 2826 exemplis
664 2787 801 2818 Keillius
812 2794 844 2819 et
854 2788 933 2820 Gre-

176 2828 292 2868 gorius,
306 2830 386 2859 hanc
406 2840 470 2860 uon
490 2830 596 2860 minus
620 2830 811 2879 ingeniosam
836 2831 934 2864 intae-

175 2876 241 2901 tam
250 2870 447 2912 reliquerunt,
460 2872 595 2913 vestigiis
605 2872 774 2903 Newtoni
765 2874 902 2904 insistere
913 2886 1006 2907 cona·
1047 2877 1167 2913 PMH,
1175 2876 1265 2906 illum
1274 2875 1523 2917 inquenegligit,
1531 2877 1757 2908 ethuncsolum
1767 2877 1874 2910 PMH

176 2913 289 2950 bimur,
315 2919 347 2943 et
372 2914 488 2953 aperire
516 2914 627 2955 quibus
652 2915 865 2962 fundamentis
889 2918 1006 2949 nitatur
1043 2926 1080 2950 ut
1095 2919 1299 2969 aequationem
1314 2924 1411 2949 totam
1425 2918 1597 2950 considerat
1611 2919 1794 2951 Newwnus.

175 2954 242 2985 haec
254 2955 486 2995 approximatio.
1088 2962 1196 2992 Ducto
1210 2959 1282 2991 vero
1296 2966 1332 2991 ut
1346 2961 1487 3000 superius
1500 2962 1675 3000 expositum
1690 2969 1744 2995 ωε,
1759 2963 1876 2994 circulo

216 3000 290 3028 586.
316 2997 509 3030 Producam
531 3000 552 3031 1
571 3000 605 3031 Η
627 3001 662 3031 in
678 3002 716 3032 M
741 3002 839 3034 donec
863 3011 1002 3036 occurrat
1046 3005 1076 3036 B
1094 3005 1128 3040 Q
1143 3005 1175 3034 N
1192 3005 1221 3034 A
1238 3013 1330 3043 super
1343 3013 1494 3045 maguum
1509 3014 1599 3035 axem
1621 3004 1762 3044 ellipseos
1786 3007 1817 3036 A
1835 3006 1875 3043 B,

174 3038 394 3078 perpendiculo
410 3041 441 3071 Ο
458 3042 507 3078 M,
533 3053 552 3073 a
565 3050 671 3074 centro
689 3044 718 3075 O
744 3045 778 3075 in
803 3046 901 3084 ipsam
929 3047 944 3076 1
963 3048 1000 3077 H
1043 3053 1075 3077 et
1088 3057 1126 3077 ex
1145 3046 1174 3077 P
1187 3046 1257 3076 loco
1271 3046 1403 3085 planetae
1416 3046 1510 3077 ducta
1533 3047 1561 3077 P
1578 3048 1610 3078 R
1630 3028 1877 3087 perpendiculari

175 3082 309 3112 demisso
318 3082 529 3123 jungaturque
545 3085 582 3114 M
601 3085 639 3122 P,
661 3086 719 3116 erit
732 3088 867 3127 angulus
884 3089 913 3119 P
929 3089 965 3119 H
984 3090 1010 3120 Ι
1045 3090 1079 3119 in
1107 3098 1180 3119 eum
1205 3098 1356 3130 magnum
1382 3099 1473 3119 axem
1494 3088 1593 3131 eaque
1620 3090 1648 3120 P
1670 3091 1701 3120 R
1726 3091 1878 3129 producta

177 3123 304 3165 aequalis
318 3124 442 3165 angulis
458 3125 486 3155 P
502 3126 540 3156 M
558 3126 594 3156 H
609 3133 640 3157 ct
653 3128 691 3158 M
707 3128 734 3158 P
746 3112 799 3158 ΗΟ·
791 3140 950 3170 ,quorum
962 3131 1003 3161 si-
1046 3131 1145 3161 donec
1170 3137 1251 3161 secet
1275 3131 1428 3162 circulum
1454 3132 1482 3163 B
1500 3132 1534 3168 Q
1547 3133 1580 3163 N
1598 3133 1629 3162 A
1655 3133 1688 3162 in
1706 3133 1759 3169 Q;
1781 3132 1877 3162 duea-

175 3172 236 3197 nus
249 3172 340 3197 erunt
354 3167 432 3198 inter
447 3177 479 3197 se
493 3167 572 3199 sicut
590 3168 616 3199 P
629 3169 663 3199 Η
679 3169 719 3200 ad
735 3170 774 3201 M
788 3153 847 3210 ii·
869 3173 1003 3204 scdcum
1046 3179 1097 3204 tur
1110 3174 1139 3204 T
1157 3174 1189 3209 Q
1207 3173 1467 3213 perpendicularis
1488 3175 1522 3205 in
1546 3175 1576 3206 O
1594 3175 1631 3206 M
1655 3174 1801 3216 (ideoque
1819 3183 1876 3216 pa-
