2158 3562
302 240 361 266 xx
1051 195 1350 273 EDIToms

299 350 341 387 et
362 342 460 390 inde
480 341 766 387 concludimus
787 357 964 399 corpora
983 343 1187 394 universa,
1219 342 1344 384 etiam
1373 341 1445 383 illa
1464 341 1517 383 de
1537 342 1686 399 quibus
1706 342 2016 386 observationes

296 430 382 459 non
412 415 627 468 habemus,
659 402 839 460 extensa¹
865 433 955 460 esse
990 425 1032 460 et
1065 417 1235 459 mobilia
1270 424 1312 458 et
1342 415 1683 471 impenetrabilia.
1744 416 1810 457 Ita
1841 429 2019 471 corpora

296 490 436 533 omnia
455 499 552 533 sunt
577 493 733 550 gravia,
765 492 818 534 de
839 492 988 549 quibus
1016 491 1324 534 observationes
1354 489 1584 531 habemus:
1616 496 1658 530 et
1686 488 1784 531 inde
1804 487 2017 531 concludi-

286 577 388 605 'mus
409 578 584 619 corpora
604 565 809 616 universa,
842 566 966 608 etiam
986 565 1058 607 illa
1081 565 1133 607 de
1166 565 1315 621 quibus
1350 563 1659 605 observationes
1682 577 1768 604 non
1795 562 2014 612 habemus,

295 635 437 692 gravia
457 651 560 678 esse.
623 637 668 679 Si
690 637 780 693 quis
805 637 916 679 dicat
937 652 1113 692 corpora
1141 636 1354 682 stellarum
1383 634 1656 676 inerrantium
1683 649 1769 676 non
1799 649 1890 676 esse
1919 648 2018 692 gra-

295 707 376 757 via,
413 707 754 763 quandoquidem
789 723 934 750 eorum
967 709 1147 766 gravitas
1180 708 1368 749 nondum
1400 715 1464 749 est
1498 707 1737 757 observata3
1773 707 1921 750 eodem
1951 721 2018 749 ar-

293 787 497 841 gumento
526 779 666 821 dicere
695 779 835 822 licebit
866 795 1002 836 neque
1032 789 1204 822 extensa
1235 795 1337 830 esse,
1367 794 1444 821 nec
1465 779 1647 829 mobilia,
1669 793 1748 824 nec
1767 779 2019 834 impenetra-

294 852 408 902 bilia,
432 866 531 893 011111
559 851 627 893 hae
652 853 833 893 fixarum
860 852 1098 894 affectiones
1127 851 1317 893 nondum
1348 851 1430 892 sint
1458 850 1700 892 observatae.
1765 849 1882 900 Quid
1913 863 2019 905 opus

297 936 361 970 est
380 925 546 968 verbis?
575 926 684 967 inter
709 926 927 982 primarias
953 925 1170 982 qualitates
1192 938 1416 980 corporum
1444 923 1734 965 universorum
1752 923 1818 965 vel
1837 922 2019 980 gravitas

293 996 466 1039 habebit
485 997 625 1038 locum
640 1013 653 1047 3
684 997 750 1039 vel
772 997 975 1048 extensio,
993 997 1216 1048 mobilitas,
1241 1005 1283 1039 et
1301 995 1673 1052 impenetrabilitas,
1689 1010 1775 1036 non
1789 994 2020 1037 habebunt.

295 1069 353 1112 Et
373 1078 523 1110 natura
542 1084 684 1115 rerum
703 1068 768 1110 vel
789 1067 902 1110 recte
922 1069 1199 1124 explicabitur
1219 1083 1296 1124 per
1317 1083 1542 1124 corporum
1561 1069 1823 1126 gravitatem,
1847 1066 1914 1108 vel
1933 1080 2022 1109 non

293 1142 405 1184 recte
426 1143 701 1198 explicabitur
719 1157 796 1198 per
816 1156 1041 1197 corporum
1062 1142 1362 1193 extensionem,
1384 1141 1677 1192 mobilitatem,
1705 1148 1750 1183 et
1768 1140 2021 1195 impenetra—

292 1215 511 1256 bilitatem.

352 1287 493 1328 Audio
506 1286 730 1328 nonnullos
751 1286 859 1328 hanc
880 1287 1121 1342 improbare
1138 1287 1460 1337 conclusionem,
1494 1295 1536 1328 et
1567 1287 1620 1328 de
1640 1285 1814 1328 occultis
1845 1284 2023 1342 qualitur·

292 1360 403 1403 tibus
423 1358 564 1400 nescio
585 1357 686 1414 quid
705 1358 937 1402 mussitare.
1001 1358 1262 1400 Gravitatem
1283 1358 1438 1399 scilicet
1457 1358 1669 1400 occultum
1681 1373 1771 1399 esse
1787 1357 1904 1414 quid,
1924 1372 2022 1413 per-

292 1429 420 1486 petuo
452 1429 637 1486 argutari
671 1428 831 1479 solent3
863 1428 1047 1474 occultas
1079 1429 1179 1471 vero
1215 1445 1360 1472 causas
1394 1429 1543 1485 procul
1577 1445 1671 1472 esse
1704 1429 1961 1487 ablegandus,
1997 1445 2024 1471 a

291 1502 570 1560 philosophia.
633 1502 718 1545 His
750 1510 890 1544 autem
917 1501 1038 1544 facile
1065 1502 1367 1557 respondetur;
1398 1503 1582 1545 occultas
1619 1517 1711 1545 esse
1745 1517 1905 1553 causas,
1936 1515 2024 1546 non

291 1575 382 1617 illas
397 1575 566 1631 quidem
587 1589 763 1631 quarum
784 1573 1002 1619 existentia
1016 1588 1093 1629 per
1113 1574 1422 1616 observationes
1450 1573 1676 1616 clarissime
1697 1574 2023 1626 demonstratur,

292 1650 367 1696 sed
386 1650 462 1692 has
484 1647 619 1691 solum
640 1663 816 1705 quarum
837 1648 1000 1693 occulta
1024 1656 1086 1690 est
1117 1655 1159 1689 et
1185 1647 1283 1689 ficta
1307 1647 1528 1689 existentia
1557 1645 1748 1689 nondum
1771 1646 1873 1690 vero
1903 1661 2022 1688 com-

291 1721 480 1777 probata.
543 1721 737 1765 Gravitas
759 1735 861 1777 ergo
881 1735 967 1763 non
980 1719 1059 1761 erit
1079 1719 1243 1762 occulta
1259 1734 1380 1763 causa
1397 1727 1588 1761 motuum
1603 1719 1861 1769 coelestium;
1892 1719 2022 1776 siqui-

291 1795 389 1841 dem
419 1809 472 1836 ex
498 1793 787 1849 phaenomenis
820 1801 1035 1835 ostensum
1066 1799 1142 1843 est,
1174 1791 1283 1834 hanc
1311 1792 1508 1847 virtutem
1529 1791 1676 1834 revera
1695 1792 1887 1835 existere.
1956 1792 2023 1835 Hi

290 1865 428 1920 potius
449 1864 504 1907 ad
533 1865 716 1907 occultas
738 1864 983 1922 confugiunt
1010 1879 1168 1915 causas,
1201 1863 1272 1920 qui
1307 1864 1449 1905 nescio
1481 1879 1586 1921 quos
1606 1865 1798 1916 vortices,
1831 1864 2020 1907 materiae

291 1936 508 1992 cujusdam
526 1935 699 1992 prorsus
719 1936 876 1984 fictitiae
898 1943 940 1978 et
969 1935 1157 1989 sensibus
1179 1934 1351 1977 omnino
1378 1935 1549 1993 ignotae,
1580 1937 1762 1979 motibus
1783 1937 1932 1979 iisdem
1952 1952 2022 1980 re-

253 2035 255 2037 ·
292 2009 442 2066 gendis
454 2009 705 2066 praeficiunt.

350 2082 510 2124 Ideone
531 2091 670 2126 autem
693 2081 875 2138 gravitas
903 2080 1066 2123 occulta
1086 2095 1212 2123 causa
1230 2080 1405 2131 dicetur,
1425 2096 1557 2137 eoque
1578 2082 1748 2123 nomine
1767 2082 1978 2138 rejicietur
1997 2097 2022 2124 e

290 2151 569 2209 philosophia,
602 2152 717 2209 quod
736 2167 859 2195 causa
878 2152 1006 2208 ipsius
1026 2152 1241 2210 gravitatis
1267 2152 1430 2194 occulta
1454 2161 1517 2194 est
1541 2161 1583 2194 et
1606 2153 1797 2195 nondum
1820 2152 2021 2197 inventa?

293 2226 382 2276 Qui
413 2226 473 2267 sic
505 2234 705 2277 statuunt,
736 2226 904 2268 videant
938 2225 1095 2282 nequid
1127 2233 1311 2268 statuant
1343 2225 1528 2277 absurdi,
1560 2226 1673 2268 unde
1700 2227 1828 2269 totius
1847 2227 2019 2269 tandem

289 2297 567 2353 philosophiae
583 2297 854 2342 fundamenta
866 2298 1164 2340 convellantur.
1226 2297 1395 2340 Etenim
1411 2312 1548 2340 causae
1569 2299 1767 2343 continuo
1786 2313 1899 2342 nexu
1918 2314 2019 2355 pro-

290 2371 440 2422 cedere
461 2371 597 2414 solent
616 2387 642 2412 a
661 2371 902 2426 compositis
924 2371 978 2414 ad
998 2371 1276 2426 simpliciora:
1308 2370 1382 2412 ubi
1401 2371 1456 2412 ad
1479 2385 1642 2413 causam
1668 2370 2016 2425 simplicissimam

290 2445 542 2500 perveneris,
557 2445 646 2500 jam
666 2458 753 2485 non
772 2443 913 2502 licebit
933 2443 1106 2485 ulterius
1127 2443 1337 2501 progredi.
1381 2443 1531 2484 Causae
1551 2442 1679 2499 igitur
1698 2442 2018 2498 simplicissimae

291 2518 408 2560 nulla
432 2518 523 2559 dari
548 2524 688 2573 potest
714 2516 956 2562 mechanica
979 2516 1226 2575 explicatio:
1263 2515 1299 2557 si
1322 2515 1493 2557 daretur
1520 2515 1645 2565 enim,
1678 2530 1803 2557 causa
1826 2516 2017 2560 nondum
2084 2528 2085 2531 ’
2139 2523 2143 2527 ”

292 2597 401 2631 055οῐ
421 2588 733 2644 simplicissima.
795 2589 890 2631 Has
911 2597 957 2631 tu
976 2587 1153 2643 proinde
1174 2601 1318 2629 causas
1343 2586 1665 2642 shnplicissimas
1691 2587 1920 2643 appellabis
1945 2603 2017 2631 oc-

292 2664 437 2714 cultas,
460 2673 502 2707 et
521 2664 692 2708 exulare
705 2662 904 2720 Jubebis?
936 2662 1070 2705 Simul
1089 2660 1189 2704 vero
1210 2661 1441 2703 exulabunt
1469 2669 1512 2703 et
1531 2661 1583 2704 ab
1603 2659 1668 2702 his
1688 2660 1883 2717 proxime
1912 2676 2017 2718 pen.

291 2736 438 2778 dentes
459 2744 500 2778 et
519 2752 613 2793 quae
633 2737 685 2778 ab
709 2735 792 2777 illis
808 2733 937 2790 porro
961 2733 1159 2790 pendent,
1187 2748 1320 2789 usque
1340 2732 1442 2774 dum
1463 2747 1489 2774 a
1514 2733 1649 2774 causis
1670 2733 1865 2775 omnibus
1885 2748 2016 2776 vacua

292 2808 416 2850 fuerit
435 2817 477 2851 et
494 2809 631 2864 probe
650 2816 831 2866 purgata
847 2805 1127 2863 philosophia„

353 2881 461 2923 Sunt
492 2880 564 2936 qui
587 2881 832 2937 gravitatem
853 2886 1008 2935 praeter
1042 2885 1235 2919 naturam
1265 2891 1356 2919 esse
1375 2876 1537 2931 dicunt,
1569 2883 1612 2918 et
1643 2876 1892 2919 miraculum
1920 2890 2017 2933 per-

291 2963 465 3010 petuum
497 2963 660 2999 vocant.
724 2956 873 3012 Itaque
906 2952 1174 3010 rejiciendam
1205 2966 1296 2996 esse
1322 2950 1482 3001 volunt,
1514 2948 1611 2992 cum
1636 2949 1680 2990 in
1705 2947 1879 3007 physic&
1907 2963 2017 3007 prae-

292 3025 567 3068 ternaturales
588 3040 723 3067 causoe
743 3026 884 3068 locum
907 3039 993 3066 non
1017 3024 1212 3066 habeant.
1260 3023 1393 3067 -Huic
1414 3022 1569 3078 ineptae
1592 3036 1766 3078 prorsus
1791 3019 2016 3079 objectioni
