2086 3542
259 237 339 275 366
655 229 1100 272 PHILOSOPHIAE
1132 228 1490 270 NATURALIS
1576 226 1721 278 [Mor.
1744 227 1941 279 Com’oiq

315 347 442 387 Corol.
464 352 502 389 9.
535 346 587 401 (¹²)
611 346 672 388 Ut
693 354 734 388 et
754 346 823 387 ubi
841 347 1029 402 gyrantia
1049 354 1145 387 sunt
1163 346 1285 388 etiam
1312 346 1485 402 sphaerae
1509 326 1772 397 attrahentes,
1805 346 1946 389 condi-

256 416 378 458 tionis
398 416 574 472 cujusvis
587 417 676 472 jam
695 417 920 471 descriptae.

435 561 804 603 PROPOSITIO
834 560 1072 603 LXXVII.
1130 561 1488 604 THEOREMA
1518 560 1760 605 XXXVII.

254 660 300 701 Si
317 662 374 701 ad
390 661 546 715 singula
563 661 800 713 sphaerarum
811 665 962 712 puncta
981 660 1145 699 tendant
1163 660 1264 699 vires
1281 660 1503 712 centripetae
1522 662 1835 713 proportionales
1864 662 1945 703 dis-

310 732 448 772 tantiis
472 738 701 784 punctorum
727 745 753 770 a
784 729 1004 782 corporibus
1036 731 1216 770 attractis
1231 747 1244 769 .·
1275 730 1361 769 dico
1394 730 1496 783 quod
1526 730 1584 770 vis
1615 732 1834 783 composita,
1867 730 1945 786 qud

308 801 471 854 sphoerae
490 802 576 841 duae
593 815 632 841 se
651 806 777 840 mutuo
796 799 966 848 trahent,
988 805 1043 839 est
1061 804 1104 838 ut
1122 799 1315 839 distantia
1335 799 1439 839 inter
1457 791 1590 840 centra
1609 800 1859 853 sphaeramm.

311 899 401 941 Cas.
429 905 464 940 1.
497 899 560 940 Sit
580 899 621 940 A
642 898 680 940 E
702 899 739 940 B
763 898 797 940 F
817 897 1003 952 sphaera3
1037 898 1066 939 S
1087 906 1272 939 centrum
1291 898 1403 952 ejus3
1436 897 1473 938 P
1492 898 1781 952 corpusculum
1798 906 1946 941 attrac-

251 979 352 1018 tum,
376 969 412 1010 P
434 970 474 1010 A
497 970 526 1011 S
548 969 585 1010 B
604 969 693 1010 axis
722 969 895 1023 sphaerae
922 982 998 1021 per
1028 976 1212 1008 centrum
1243 969 1474 1022 corpusculi
1505 969 1726 1020 transiens3
1759 970 1797 1012 E
1818 970 1865 1021 F,
1888 986 1911 1015 e
1929 971 1952 1013 f

249 1041 375 1095 plana
394 1040 490 1091 duo,
513 1041 662 1096 quibus
680 1040 843 1095 sphaera
862 1046 1035 1090 secatur,
1056 1037 1153 1079 huic
1172 1039 1240 1079 axi
1259 1041 1626 1095 perpendiculaxia,
1659 1050 1701 1083 et
1725 1042 1822 1083 hinc
1849 1043 1946 1086 inde

249 1112 461 1167 aequaliter
486 1113 678 1154 distantia
707 1128 732 1154 a
763 1119 904 1154 centro

250 1183 445 1237 sphaerae3
478 1185 533 1234 G,
550 1200 579 1241 g
597 1184 903 1226 intersectiones

247 1254 465 1308 planorum
478 1263 518 1297 et
531 1256 617 1297 axis
623 1272 635 1305 3
656 1264 697 1297 et
713 1256 761 1297 H
774 1269 904 1310 punc-

249 1337 338 1371 tum
367 1332 538 1387 quodvis
567 1333 610 1372 in
639 1332 764 1387 plano
795 1333 832 1374 E
854 1333 901 1373 F.

249 1401 399 1443 Puncti
433 1403 482 1444 H
515 1403 574 1444 vis
603 1404 829 1459 centripeta
857 1405 901 1444 in

248 1473 533 1527 corpusculum
550 1474 599 1524 P,
615 1475 839 1515 secundum
853 1475 901 1515 li·
957 1454 998 1500 B

246 1556 368 1583 neam
401 1543 437 1584 P
463 1544 512 1585 H
543 1545 734 1594 exercita,
767 1553 826 1585 est
856 1553 902 1586 ut

248 1612 437 1654 distantia
451 1614 487 1656 P
497 1614 545 1656 H
550 1630 562 1665 ;
584 1622 625 1656 et
642 1618 731 1670 (per
740 1616 901 1672 Legum

250 1686 389 1727 Corol.
411 1687 469 1739 2.)
501 1687 727 1728 secundum
752 1687 902 1728 lineam

247 1756 284 1797 P
307 1757 362 1808 G,
397 1773 468 1799 seu
488 1773 628 1799 versus
648 1766 835 1800 centrum
857 1759 899 1808 S,

245 1836 291 1869 ut
324 1828 542 1885 longitudo
580 1830 616 1870 P
652 1830 707 1871 G.
768 1829 902 1886 Igitur

243 1906 490 1952 punctorum
511 1899 695 1939 omnium
714 1899 757 1939 in
776 1899 901 1954 plano
923 1900 961 1942 E
983 1901 1030 1951 F,
1052 1900 1133 1941 hoc
1154 1908 1215 1942 est
1233 1899 1347 1955 plani
1366 1900 1489 1941 totius
1509 1900 1583 1949 vis,
1613 1898 1691 1954 qua
1723 1908 1943 1953 'corpuscu-

243 1970 331 2010 lum
357 1970 390 2011 P
409 1971 585 2012 trahitur
614 1986 752 2013 versus
783 1980 968 2013 centrum
999 1974 1042 2022 S,
1076 1981 1136 2014 est
1166 1980 1213 2013 ut
1243 1973 1435 2014 distantia
1457 1973 1493 2014 P
1513 1973 1555 2015 G
1574 1971 1841 2027 multiplicata
1867 1986 1944 2029 per

246 2055 463 2082 numerum
485 2049 744 2095 punctorum,
766 2041 809 2082 id
830 2050 904 2092 est,
925 2050 972 2083 ut
991 2042 1165 2083 solidum
1195 2042 1306 2097 quod
1335 2043 1567 2084 continetur
1595 2043 1669 2084 sub
1699 2043 1823 2098 plano
1851 2043 1944 2098 ipso

245 2112 284 2153 E
306 2112 342 2153 F
363 2119 404 2153 et
423 2112 617 2153 distantia
636 2112 707 2153 illa
727 2112 763 2153 P
786 2112 840 2154 G.
900 2113 957 2154 Et
977 2113 1161 2155 similiter
1180 2114 1240 2154 vis
1261 2114 1374 2168 plani
1394 2129 1416 2155 e
1436 2113 1464 2164 f,
1496 2113 1575 2168 qua
1596 2114 1884 2168 corpusculum
1905 2113 1942 2155 P

242 2181 419 2223 trahitur
438 2197 579 2223 versus
601 2191 786 2224 centrum
808 2184 850 2233 S,
873 2191 934 2224 est
953 2191 999 2224 ut
1017 2184 1187 2238 planum
1206 2183 1308 2224 illud
1327 2183 1496 2224 ductum
1515 2184 1558 2224 in
1578 2183 1810 2224 distantiam
1826 2197 1941 2224 suam

245 2253 281 2293 P
300 2267 342 2308 g,
366 2252 449 2293 sive
469 2261 514 2293 ut
533 2252 630 2293 huic
646 2252 804 2308 aequale
823 2253 993 2307 planum
1013 2253 1051 2294 E
1073 2254 1108 2294 F
1129 2253 1298 2295 ductum
1317 2253 1359 2294 in
1378 2254 1612 2295 distantiam
1632 2253 1743 2294 illam
1765 2253 1801 2295 P
1815 2269 1869 2310 g;
1899 2260 1941 2294 et

246 2336 405 2364 summa
423 2321 570 2362 virium
589 2321 702 2376 plani
723 2322 933 2378 utriusque
953 2330 998 2363 ut
1017 2322 1186 2376 planum
1207 2323 1244 2364 E
1267 2322 1302 2363 F
1321 2323 1490 2364 ductum'
1508 2323 1551 2363 in
1572 2338 1771 2364 summam
1787 2322 1938 2364 distan-

243 2384 395 2435 tiarum
415 2394 452 2437 P
474 2394 517 2436 G
539 2401 580 2444 -Ι-
605 2394 640 2435 Ρ
658 2410 699 2451 g,
721 2395 765 2436 id
785 2402 858 2445 est,
880 2403 927 2436 ut
953 2395 1123 2449 pla-num
1151 2394 1254 2436 illud
1278 2394 1446 2436 ductum
1473 2395 1516 2435 in
1545 2395 1712 2449 duplam
1740 2394 1870 2435 centri
1898 2401 1940 2436 et

246 2467 297 2521 (⁰)
319 2466 552 2520 corpusculi
572 2466 805 2507 distantiam
827 2465 864 2506 P
886 2467 929 2516 S,
950 2465 1030 2507 hoc
1051 2468 1124 2516 e'st,
1148 2473 1193 2506 ut
1212 2465 1384 2520 duplum
1402 2465 1572 2520 planum
1593 2466 1630 2506 E
1643 2458 1688 2507 ‘F
1707 2465 1875 2507 ductum
1893 2464 1947 2506 int

243 2539 476 2580 distantiam
501 2538 536 2581 P
558 2539 600 2589 S,
632 2539 697 2580 vel
726 2546 771 2580 ut
800 2553 959 2579 summa
988 2537 1207 2594 aequalium
1237 2538 1453 2592 planorum
1475 2537 1513 2579 E
1535 2538 1570 2579 F
1591 2544 1634 2587 -Ι-
1655 2552 1678 2579 e
1697 2527 1721 2578 f
1740 2536 1863 2577 ducta
1892 2536 1937 2578 in

242 2610 478 2651 distantiam
507 2609 694 2652 eandem.
756 2609 813 2651 Et
846 2609 967 2650 simili
1000 2615 1254 2665 argumente,
1291 2608 1394 2650 vires
1429 2608 1612 2650 omnium
1644 2607 1862 2662 planorum
1892 2608 1936 2649 in

243 2681 402 2736 sphaera
415 2680 522 2731 tota,
544 2680 640 2722 hinc
660 2681 756 2722 inde
775 2681 986 2736 aequaliter
1005 2695 1029 2721 a
1049 2689 1189 2721 centro
1204 2680 1376 2734 sphaerae
1391 2681 1639 2731 distantium,
1657 2689 1752 2722 sunt
1763 2688 1810 2721 ut
1823 2681 1943 2721 sum-³

242 2767 309 2792 ma
327 2752 544 2807 planorum
564 2752 687 2792 ducta
705 2752 748 2792 in
769 2751 1001 2807 distantiam
1023 2751 1059 2792 P
1082 2751 1123 2801 S,
1146 2750 1225 2792 hoc
1246 2759 1318 2802 est,
1340 2759 1387 2793 ut
1415 2752 1575 2807 sphaera
1602 2758 1688 2792 tota
1711 2759 1752 2792 et
1778 2759 1823 2793 ut
1849 2751 1932 2792 dis-

239 2825 366 2865 tantia
387 2825 423 2866 P
445 2825 474 2866 S
494 2825 753 2880 conjunctim.
815 2825 866 2879 (P)
900 2824 954 2873 Q.
975 2837 1010 2864 e.
1032 2822 1073 2863 d.

1149 1163 1172 1189 e
1235 1163 1498 1217 κ-Χ,Ε

1103 1743 1138 1793 f
1423 1766 1466 1813 F

284 2922 330 2962 (¹¹)
355 2924 371 2941 '¹
403 2925 443 2954 Ut
468 2930 495 2954 et
521 2925 573 2955 ubi
598 2925 750 2964 gyrantia,
777 2924 832 2954 &c.
895 2923 984 2954 Patet
1011 2933 1066 2962 per
1107 2922 1190 2952 enim
1214 2923 1241 2953 P

244 2964 314 2994 Cor.
334 2967 361 2993 2.
384 2964 473 3004 Prop.
490 2969 539 2996 58.
1107 2964 1136 2995 P
1152 2965 1180 2995 G
1197 2978 1244 2995 =

285 3005 329 3046 (⁰)
355 3008 370 3025 ⁵
394 3008 438 3037 Et
465 3009 632 3046 corpusculi
656 3009 830 3039 distantiam
861 3010 892 3039 P
913 3010 942 3039 S.
1003 3007 1063 3037 Est
1147 3007 1193 3049 (Ρ)
1218 3011 1233 3028 ·
1288 3028 1296 3037 .
1331 3028 1339 3037 .
