2086 3542
176 283 319 325 ann
340 281 554 330 Prummu]
613 273 930 318 PRINCIPIA
961 267 1452 313 MATHEMATICA.
1781 269 1862 310 267

175 399 212 442 C
230 413 274 454 p,
304 392 512 455 reqiproo&
543 389 874 447 proportionalis,
911 395 953 430 et
981 390 1074 442 (per
1100 387 1189 441 jam
1222 385 1517 436 demonstrata)
1550 383 1866 439 detorquebitur

165 477 303 512 motus
321 466 392 510 ille
413 462 646 506 rectilineus
665 461 710 501 in
727 460 880 500 lineam
899 471 1067 499 curvam
1080 456 1121 496 V
1138 470 1168 510 p
1186 456 1228 496 k.
1288 455 1366 513 Est
1395 455 1444 509 (⁰)
1475 461 1613 495 autem
1631 454 1722 494 haee
1741 469 1865 495 curva

163 540 210 581 V
228 555 257 595 p
275 535 305 579 k
327 522 472 577 eudem
491 547 586 574 cum
605 529 729 573 cul-vii
744 520 820 570 iflfi
839 528 880 569 V
902 528 938 569 P
959 528 1002 576 Q
1021 527 1066 567 in
1097 526 1239 569 Corol.
1263 532 1303 568 3.
1326 525 1453 579 Prop.
1475 524 1599 565 XLI.
1620 523 1799 573 inventfi,
1821 524 1864 564 in

169 609 250 662 quii
269 605 328 647 ibi
347 605 525 646 diximus
546 614 721 656 corpora
740 598 975 654 hujusmodi
994 600 1149 641 viribus
1169 607 1342 641 attracta
1361 599 1527 655 oblique}
1547 598 1779 639 ascendere.

432 725 812 770 PROPOSITIO
843 726 986 769 XLV.
1048 727 1394 770 PROBLEMA
1423 727 1605 769 XXXI.

222 842 275 898 (Ρ)
308 841 469 884 Orbium
489 843 558 896 qui
575 848 664 884 sunt
682 842 837 883 circulis
855 841 1199 907 maximefinitimi
1216 843 1472 897 requiruntur
1489 847 1611 885 motus
1628 843 1835 898 apsidum„

232 952 284 1008 (¹¹)
316 951 537 994 Problema
568 926 739 992 {olvitur
771 949 1026 991 arithmetice}
1057 950 1246 993 faciendo
1279 959 1324 993 ut
1344 953 1468 1004 orbis,
1490 968 1612 1009 quem
1644 969 1793 1011 corpus
1822 958 1866 998 in

450 1073 879 1135 VRGG—VRFF’
905 1097 997 1129 adef,-
1039 1073 1179 1112 proxim&
1203 1075 1866 1117 accedessnamsiellipsisVPndncir-

170 1104 302 1142 mobilis*
313 1101 440 1146 ”qualis
629 1129 660 1157 A
675 1128 689 1148 ³
1039 1116 1145 1146 culum
1170 1117 1339 1165 pgrfectum
1362 1125 1509 1157 mutetur,
1532 1121 1613 1150 orbis
1638 1121 1668 1150 V
1691 1132 1713 1160 p
1738 1132 1759 1151 n
1785 1135 1810 1154 „-
1830 1123 1865 1154 fit

169 1173 388 1215 queobdatam
397 1170 597 1212 quantitatem
606 1170 638 1200 V
651 1169 682 1199 R
696 1169 726 1199 G
739 1168 821 1199 G—
831 1166 863 1197 V
877 1166 909 1196 R
921 1166 947 1197 F
958 1166 995 1204 F,
1039 1168 1161 1198 quoque
1175 1160 1316 1189 cuculus.
1433 1204 1440 1210 ”
1553 1205 1560 1211 .

203 1242 212 1249 ,
390 1239 399 1246 ,
429 1239 439 1247 ,
602 1215 616 1242 1
1082 1200 1127 1242 (ᾳ)
1151 1203 1168 1220 ⁶
1192 1203 1350 1233 Problema
1369 1204 1491 1234 saltatur
1511 1204 1703 1236 aruhmetich.
1751 1206 1863 1236 Revol-

169 1242 560 1279 entX,seuv1s1np,ut
581 1256 651 1296 X?
900 1245 912 1252 ·

211 1310 261 1354 (⁰)
285 1313 303 1331 ⁰
327 1311 387 1341 Est
400 1314 504 1340 autem
518 1310 581 1340 haec
603 1320 696 1339 curva
725 1309 754 1338 V
766 1319 790 1348 p
810 1310 830 1339 lc

167 1357 280 1390 eadem,
296 1353 352 1383 διο.
400 1351 484 1382 Nam
505 1350 531 1380 si
552 1356 657 1380 centm
684 1351 710 1381 C
735 1350 830 1380 inter-

167 1396 250 1427 vallo
266 1395 293 1426 C
310 1395 342 1425 V
356 1393 543 1424 describatur
556 1392 690 1423 circulus
710 1393 740 1423 V
759 1393 790 1422 R
807 1393 829 1422 S

167 1442 358 1479 queml-ecta
375 1436 401 1467 C
419 1434 588 1466 Psecatin
606 1434 830 1473 R2re'ctan,

167 1480 203 1510 in
220 1481 254 1519 S,
269 1479 368 1520 sitque
382 1477 517 1518 angulus
541 1477 562 1507 S
581 1478 606 1507 C
624 1477 654 1507 V
668 1477 708 1507 ad
729 1487 828 1516 angu-

167 1522 236 1553 lum
254 1523 286 1553 R
302 1522 329 1552 C
346 1521 377 1551 V
392 1520 424 1550 in
438 1519 510 1550 datss
524 1519 651 1556 ratione,
673 1520 732 1549 erit
751 1529 829 1558 quo-

167 1575 229 1606 que
243 1570 342 1595 sector
358 1563 379 1593 S
395 1563 427 1592 V
444 1562 470 1592 C
485 1561 525 1591 ad
539 1568 687 1591 sectorem
705 1562 736 1592 R
753 1561 784 1591 V
801 1561 827 1591 C

166 1608 202 1637 in
216 1606 287 1637 data
301 1605 355 1636 illa
367 1604 494 1640 ratione,
510 1609 541 1633 et
555 1603 647 1634 ductfi
661 1614 716 1643 per
730 1613 828 1642 punc-

166 1654 236 1680 tum
254 1650 284 1679 R.
298 1652 443 1688 &augente
461 1647 493 1677 R
510 1646 548 1680 T,
565 1656 634 1686 quoe
649 1645 736 1675 radio
753 1646 778 1676 C
796 1645 828 1675 V

165 1691 316 1731 producto
330 1694 470 1720 occurrat
493 1689 528 1718 in
545 1689 582 1724 T,
610 1688 746 1728 ejusdem
770 1697 825 1717 an-

165 1734 282 1775 gulia
300 1733 327 1764 C
348 1731 567 1762 vsecantesc
585 1730 623 1767 P,
650 1731 675 1760 C
694 1731 827 1760 Terunt

165 1776 308 1817 oequaloe,
323 1773 415 1814 atque}
434 1771 512 1803 ade&
533 1783 626 1802 curva
641 1772 673 1802 V
687 1783 707 1811 p
720 1772 752 1809 k,
775 1782 827 1801 ea-

165 1817 237 1848 dem
251 1828 326 1849 cum
339 1814 432 1848 curva
448 1816 479 1845 V
496 1815 524 1845 P
541 1815 583 1851 Q,
600 1816 634 1844 in
651 1814 754 1845 Corol.
773 1813 822 1845 30.

167 1860 260 1900 Prop.
278 1863 329 1890 41.
353 1857 488 1894 inventii,
503 1857 537 1887 in
545 1856 607 1898 quii
621 1863 702 1887 recta
717 1860 773 1896 Cp
784 1862 827 1887 est

164 1914 279 1943 semper·
291 1902 415 1943 ‘equalis
427 1901 562 1931 abscissae
578 1902 604 1931 C
621 1902 656 1934 T,
682 1905 710 1930 et
724 1911 826 1939 angu-
866 1912 898 1955 k

163 1947 213 1976 lus
241 1947 307 1977 Vc
323 1955 348 1984 p
372 1949 415 1975 est
438 1953 553 1982 semper
576 1944 685 1973 sectori
715 1944 826 1975 ΓΕΒ

158 1987 399 2028 proportionalis-

209 2029 254 2072 (Ρ)
278 2032 297 2049 ⁸
323 2029 450 2060 Orbium
473 2029 529 2069 qui
551 2034 636 2064 sunt,
663 2028 720 2059 &c-
766 2027 831 2060 Iis-

163 2071 235 2102 dem
249 2070 353 2111 positis
365 2081 436 2111 quae
449 2069 483 2099 in
499 2069 712 2108 propositione
726 2073 776 2100 44.
789 2077 821 2102 et

163 2115 231 2155 ejus
258 2112 433 2145 Corollariis
457 2115 483 2142 1.
509 2118 539 2142 et
560 2115 590 2141 2.
619 2112 658 2142 sit
679 2113 745 2151 Vp
760 2122 783 2142 n
798 2124 824 2142 a*

163 2156 245 2186 orbis
258 2166 351 2196 quem
375 2164 486 2193 corpus
498 2164 520 2193 p
534 2153 567 2183 in
592 2154 691 2193 ellipsi
714 2154 821 2185 mobili

163 2208 186 2228 u
199 2209 221 2237 p
234 2200 256 2229 b
270 2197 426 2228 revolvens
440 2194 581 2226 describit
594 2196 628 2226 in
648 2197 741 2235 plano
761 2197 821 2226 im-

162 2240 278 2275 mobili,
295 2245 327 2270 et
342 2240 372 2270 V
389 2245 431 2276 Π,
453 2249 472 2269 v
486 2239 515 2274 b,
538 2237 685 2277 ellipseon
708 2239 820 2268 immo-

161 2282 231 2313 bilis
244 2289 276 2314 et
288 2281 412 2312 mobilis
431 2291 503 2311 axos
526 2281 695 2317 transversi,
721 2281 821 2311 manl-

159 2324 274 2356 festum
294 2330 340 2355 est
363 2329 515 2364 punctum
544 2323 574 2351 V
600 2333 665 2354 esse
685 2320 821 2363 apsidem

160 2376 316 2397 summam
326 2366 433 2397 tamin
444 2365 544 2405 ellipsi
554 2364 681 2396 immota
693 2367 722 2396 V
736 2366 766 2396 P
777 2372 819 2402 Π,

160 2410 255 2449 quam
268 2409 302 2438 in
318 2410 391 2439 orbe
403 2408 435 2438 V
448 2418 469 2447 p
483 2418 506 2437 n
521 2419 556 2444 τ,
571 2414 603 2438 et
617 2418 681 2438 esse
702 2420 728 2439 a·
741 2409 821 2448 apsi-

159 2451 232 2482 dem
256 2451 353 2482 imam
374 2451 408 2480 in
430 2450 585 2489 orbevp
606 2460 668 2481 na·
688 2451 822 2482 sifuerit

162 2494 190 2525 C
206 2505 290 2525 ae=
308 2493 430 2525 Cb=
447 2493 473 2523 C
490 2491 821 2533 11‚inquz⁵thypothesi

160 2546 272 2575 corpus
285 2547 307 2575 p
319 2535 457 2575 pervenit
470 2534 510 2565 ad
523 2535 628 2565 locum
643 2547 676 2572 π,
688 2536 743 2566 ubi
754 2546 820 2566 cor-

161 2588 221 2617 pus
239 2579 275 2615 P,
290 2578 324 2608 in
347 2577 447 2616 ellipsi
470 2576 600 2607 immoti
621 2578 759 2616 pervenit
781 2578 821 2608 ad

123 2629 126 2631 ’
161 2619 297 2659 apsidem
310 2620 407 2650 imam
433 2626 463 2650 Π
489 2624 521 2649 et
542 2618 576 2648 in
598 2619 699 2660 ellipsi
722 2620 820 2651 revol-

162 2668 251 2692 vente
273 2672 383 2701 corpus
405 2671 427 2700 p
449 2661 585 2700 pervenit
609 2661 650 2691 ad
671 2663 702 2699 b,
727 2673 763 2693 ac
787 2663 821 2692 in

161 2704 235 2734 orbe
249 2704 282 2734 V
294 2715 316 2744 p
330 2714 352 2734 n
367 2717 401 2741 ς,
423 2708 539 2742 puncta
559 2714 589 2742 p,
604 2705 634 2740 b,
652 2716 686 2741 τ,
708 2704 821 2735 coinci-

164 2745 254 2776 dunt.
298 2746 373 2778 Jam
385 2744 458 2776 νει-ὸ
471 2745 542 2776 data
556 2746 587 2775 vi
601 2746 767 2785 centripeta
786 2747 821 2776 in

161 2788 235 2818 orbe
249 2787 315 2826 Vp
338 2798 362 2818 ιι
384 2800 418 2825 ae,
443 2787 593 2828 quaeritur
614 2794 717 2819 motus
740 2788 820 2828 apsi-

161 2829 386 2864 dunuhocoet,
411 2837 514 2861 motus
537 2830 603 2860 axis
624 2840 647 2860 u
669 2828 740 2868 Cb,
766 2841 821 2861 seu

164 2871 248 2912 quod
261 2871 345 2901 idem
364 2877 418 2906 εἰ,
444 2871 592 2912 queritur
615 2874 692 2903 ratio
717 2873 754 2910 F,
780 2873 821 2903 ad

165 2914 207 2949 G,
236 2913 286 2944 vel
310 2913 418 2954 anguli
443 2914 475 2944 V
501 2914 528 2944 C
554 2914 582 2945 P
606 2914 645 2944 ad
668 2915 820 2955 angulum

165 2955 241 2986 VC
263 2965 293 2994 p,
316 2955 757 2996 autangulivcm1800.
779 2957 820 2987 ad

164 2997 316 3076 V'gll'ssiltt?
326 2997 377 3069 six
386 2998 507 3069 οξωῗο,
522 2998 820 3076 uilxiilnefflfidiiiffi
913 3067 915 3069 ,
1716 3069 1725 3076 ,
1799 3067 1807 3077 ,

165 3082 246 3113 orbis
261 3082 292 3112 V
305 3092 326 3121 p
341 3091 360 3111 n
378 3093 402 3112 a*
415 3081 455 3112 ad
468 3081 573 3112 circuli
587 3081 715 3113 formam
726 3093 820 3123 quam
1726 3074 1828 3122 'zm-'u
