2158 3562
719 468 1108 519 LECTORI

510 628 542 666 e
895 621 941 669 S.

594 769 1232 825 TYPOGRAPHI.

850 947 996 960 W

61 1059 123 1112 N
124 1081 303 1110 EWTONI
324 1067 588 1110 illustrissimi
607 1081 713 1123 opus
741 1066 824 1108 hoc
844 1067 889 1108 in
907 1065 1052 1122 primis
1082 1065 1350 1116 laudandum,
1382 1066 1498 1122 cujus
1528 1067 1782 1123 exemplaria

60 1161 158 1196 sunt
175 1153 398 1204 rarissima,
420 1161 462 1195 et
480 1153 670 1209 impenso
688 1152 825 1208 pretio
844 1159 1060 1208 parantur,
1090 1165 1204 1192 nunc
1231 1149 1364 1192 forma
1393 1151 1676 1193 commodiore
1706 1152 1783 1193 tibi

59 1239 105 1281 in
117 1253 288 1280 manum
301 1238 513 1280 tradimus.
570 1237 687 1287 Quid
702 1237 747 1278 in
759 1236 840 1278 hac
853 1236 1035 1278 editione
1056 1234 1397 1291 exspectandum,
1424 1235 1567 1290 paucis
1588 1243 1629 1278 te
1647 1237 1781 1279 moni-

16 1368 17 1371 ,
61 1335 154 1370 tum
171 1328 358 1370 velimus.

111 1414 217 1457 Erat
227 1415 349 1457 nobis
363 1416 408 1456 in
422 1415 560 1457 animo
574 1415 687 1457 illam
697 1415 764 1456 LE
775 1415 899 1457 SEUR
912 1421 954 1456 et
964 1414 992 1456 J
993 1427 1206 1468 Aconum,
1217 1413 1435 1456 societatis
1444 1413 1539 1455 Iesu
1549 1414 1780 1467 Sociorum,

61 1513 159 1540 cum
179 1514 323 1541 eorum
344 1500 641 1542 commentario
659 1507 876 1555 perpetuo,
888 1499 944 1552 ⁴in
963 1498 1157 1540 onmibus
1170 1499 1375 1554 integram
1391 1497 1527 1548 edere,
1548 1498 1627 1540 nisi
1640 1514 1784 1542 revera

60 1585 136 1627 ubi
160 1587 324 1628 macula
352 1587 491 1629 forsan
518 1586 590 1628 hic
619 1585 703 1628 illic
730 1585 874 1627 furtim
900 1584 1143 1641 irrepsisset.
1206 1583 1425 1640 Quidquid
1443 1597 1572 1638 penes
1592 1599 1669 1626 nos
1691 1584 1781 1637 fuit,

61 1672 342 1728 praestitimus.
378 1673 596 1716 Editiones
613 1673 799 1716 Genevae
813 1687 880 1715 an.
899 1678 918 1715 1
928 1677 1097 1720 739-42
1119 1681 1160 1715 et
1174 1672 1364 1715 Coloniae
1377 1671 1658 1731 Allobrogum
1673 1681 1692 1716 1
1702 1679 1783 1720 760

48 1816 51 1821 ι
63 1760 288 1818 evulgatas,
296 1761 405 1804 inter
419 1777 509 1804 sese
518 1762 702 1825 „fideliter
714 1762 897 1815 collatas,
914 1763 1208 1814 curaverimus,
1222 1771 1270 1805 ut
1284 1763 1574 1819 discrepantiae
1587 1764 1631 1805 in
1643 1764 1781 1818 lucem

23 1837 26 1841 ’
62 1845 224 1888 eductae
244 1855 388 1890 ornnes
407 1847 769 1903 perlustrarentur,
790 1847 874 1907 qua
892 1864 1055 1892 errores
1068 1850 1183 1907 haud
1200 1861 1357 1903 paucos
1378 1846 1489 1889 foras
1509 1848 1777 1890 extrusimus.

65 1927 262 1984 Denique
276 1937 324 1971 ut
341 1930 447 1972 nihil
466 1931 646 1983 deesset,
673 1932 774 1989 quin
801 1933 956 1974 librum
986 1933 1160 1991 singulis
1189 1939 1521 1976 consummatum
1540 1933 1783 1984 faceremus,

64 2012 201 2054 studio
229 2014 454 2069 permissus
506 2023 595 2058 erat
624 2015 703 2057 viri
731 2017 965 2059 matheseos
994 2017 1118 2073 plane
1146 2017 1272 2074 periti
1305 2018 1480 2060 Joannis
1502 2017 1568 2059 M.
1591 2017 1784 2075 Wright,

65 2097 306 2141 Academiae
328 2100 683 2159 cantabrigiensis
704 2103 875 2156 alumni,
907 2105 992 2162 qui,
1022 2105 1186 2148 schedis
1207 2106 1401 2149 omnibus
1420 2105 1661 2164 diligentius
1689 2122 1786 2163 per-

24 2222 27 2225 .
66 2186 195 2237 lectis,
223 2187 406 2230 maculas
428 2190 596 2245 quidem
617 2192 858 2234 cumulatim
879 2196 1000 2249 (teste
1014 2193 1143 2249 ipsius
1157 2194 1437 2252 autographo)
1460 2209 1555 2251 quae
1575 2195 1620 2236 in
1640 2195 1787 2237 editio-

66 2274 186 2315 nibus
213 2274 424 2330 prioribus
464 2276 692 2328 latuissent,
735 2279 866 2334 ejecit.
927 2279 1025 2329 Qua
1059 2280 1112 2322 de
1146 2280 1290 2323 caussa
1325 2281 1446 2322 nobis
1480 2295 1574 2336 spes
1606 2280 1789 2322 maxima

30 2416 33 2426 ff
65 2360 290 2403 editionem
308 2370 495 2405 nostram
514 2378 604 2419 prae
624 2366 817 2409 omnibus
837 2367 1084 2425 eligendam,
1099 2378 1190 2412 tum
1205 2373 1365 2414 caeteris
1380 2373 1513 2414 multo
1533 2370 1788 2414 emendatio-

69 2459 167 2498 rem,
208 2454 298 2489 tum
326 2457 414 2491 arte
447 2451 749 2508 typographica
778 2452 904 2510 longe
942 2454 1259 2498 adornatiorem.
1336 2456 1396 2499 At
1423 2457 1459 2497 si
1487 2471 1574 2497 non
1601 2455 1645 2496 in
1674 2455 1790 2497 omni

66 2540 183 2587 parte
203 2534 256 2575 sit
283 2534 478 2590 perfecta,
510 2536 556 2577 in
582 2538 828 2580 memoriam
855 2553 1018 2591 revoca,
1050 2540 1205 2583 Lector
1232 2541 1446 2592 benevole,
1478 2557 1604 2598 quam
1624 2542 1790 2584 difficile

67 2626 141 2670 est,
163 2619 336 2663 fortasse
355 2621 466 2664 ultra
478 2622 658 2667 hominis
678 2633 848 2678 sortem,
869 2625 1110 2683 hujusmodi
1130 2628 1364 2672 studiorum
1383 2636 1537 2672 statum
1569 2629 1786 2685 optimum,

9 2699 13 2709 ’
70 2709 332 2763 quantumvis
349 2718 604 2766 exoptatum,
626 2714 829 2772 attingere
848 2722 920 2757 aut
937 2715 1146 2759 accedere.

114 2867 176 2905 Ex
189 2868 277 2906 AEd.
292 2868 410 2908 Acad.
426 2870 556 2921 Glasg.

74 2931 99 2970 I
90 2934 173 2984 peis
200 2935 320 2974 Nonis
346 2937 453 2976 Junii
483 2942 595 2976 1822ὁ
