<?xml version="1.0" encoding="UTF-8"?>
<!DOCTYPE html PUBLIC "-//W3C//DTD XHTML 1.0 Transitional//EN"
    "http://www.w3.org/TR/xhtml1/DTD/xhtml1-transitional.dtd">
<html xmlns="http://www.w3.org/1999/xhtml" xml:lang="en" lang="en">
 <head>
  <title>
</title>
<meta http-equiv="Content-Type" content="text/html;charset=utf-8" />
  <meta name='ocr-system' content='tesseract 3.04.00' />
  <meta name='ocr-capabilities' content='ocr_page ocr_carea ocr_par ocr_line ocrx_word'/>
</head>
<body>
  <div class='ocr_page' id='page_1' title='image "./philosophiaenatu01newtuoft_0448.png"; bbox 0 0 2086 3542; ppageno 0'>
   <div class='ocr_carea' id='block_1_1' title="bbox 257 2762 261 2815">
    <p class='ocr_par' dir='ltr' id='par_1_1' title="bbox 257 2762 261 2815">
     <span class='ocr_line' id='line_1_1' title="bbox 257 2762 261 2815; baseline 0 0"><span class='ocrx_word' id='word_1_1' title='bbox 257 2762 261 2815; x_wconf 86' lang='lat'>!</span> 
     </span>
    </p>
   </div>
   <div class='ocr_carea' id='block_1_2' title="bbox 298 260 1988 337">
    <p class='ocr_par' dir='ltr' id='par_1_2' title="bbox 298 260 1988 337">
     <span class='ocr_line' id='line_1_2' title="bbox 298 260 1988 337; baseline -0.001 -11"><span class='ocrx_word' id='word_1_2' title='bbox 298 289 379 326; x_wconf 77' lang='lat'><em>412</em></span> <span class='ocrx_word' id='word_1_3' title='bbox 694 282 1143 327; x_wconf 83' lang='lat' dir='ltr'><strong>PHILOSOPHIAE</strong></span> <span class='ocrx_word' id='word_1_4' title='bbox 1176 283 1534 327; x_wconf 83' lang='lat' dir='ltr'><em>NATURALIS</em></span> <span class='ocrx_word' id='word_1_5' title='bbox 1619 283 1767 337; x_wconf 63' lang='lat' dir='ltr'><em>[Mor.</em></span> <span class='ocrx_word' id='word_1_6' title='bbox 1790 260 1988 327; x_wconf 63' lang='lat' dir='ltr'><em>Coma.</em></span> 
     </span>
    </p>
   </div>
   <div class='ocr_carea' id='block_1_3' title="bbox 923 620 1342 670">
    <p class='ocr_par' dir='ltr' id='par_1_3' title="bbox 923 620 1342 670">
     <span class='ocr_line' id='line_1_3' title="bbox 923 620 1342 670; baseline -0.002 -1"><span class='ocrx_word' id='word_1_7' title='bbox 923 620 1167 670; x_wconf 90' lang='lat' dir='ltr'><strong>SECTIO</strong></span> <span class='ocrx_word' id='word_1_8' title='bbox 1201 620 1342 668; x_wconf 91' lang='lat' dir='ltr'><strong>XIV.</strong></span> 
     </span>
    </p>
   </div>
   <div class='ocr_carea' id='block_1_4' title="bbox 291 771 1988 918">
    <p class='ocr_par' dir='ltr' id='par_1_4' title="bbox 291 771 1988 918">
     <span class='ocr_line' id='line_1_4' title="bbox 291 771 1988 835; baseline 0 -14"><span class='ocrx_word' id='word_1_9' title='bbox 291 774 371 820; x_wconf 87' lang='lat' dir='ltr'><em>De</em></span> <span class='ocrx_word' id='word_1_10' title='bbox 390 779 514 821; x_wconf 87' lang='lat' dir='ltr'><em>motu</em></span> <span class='ocrx_word' id='word_1_11' title='bbox 533 787 773 835; x_wconf 86' lang='lat' dir='ltr'><em>corporum</em></span> <span class='ocrx_word' id='word_1_12' title='bbox 792 771 1087 826; x_wconf 87' lang='lat' dir='ltr'><em>minimorum,</em></span> <span class='ocrx_word' id='word_1_13' title='bbox 1113 786 1214 833; x_wconf 82' lang='lat' dir='ltr'><em>quoe</em></span> <span class='ocrx_word' id='word_1_14' title='bbox 1234 771 1406 818; x_wconf 82' lang='lat' dir='ltr'><em>viribus</em></span> <span class='ocrx_word' id='word_1_15' title='bbox 1425 771 1683 834; x_wconf 80' lang='lat' dir='ltr'><em>centripetis</em></span> <span class='ocrx_word' id='word_1_16' title='bbox 1703 773 1767 820; x_wconf 92' lang='lat' dir='ltr'><em>ad</em></span> <span class='ocrx_word' id='word_1_17' title='bbox 1784 772 1988 835; x_wconf 69' lang='lat' dir='ltr'><em>singulas</em></span> 
     </span>
     <span class='ocr_line' id='line_1_5' title="bbox 469 849 1800 918; baseline -0.001 -21"><span class='ocrx_word' id='word_1_18' title='bbox 469 850 623 911; x_wconf 85' lang='lat' dir='ltr'><em>magni</em></span> <span class='ocrx_word' id='word_1_19' title='bbox 637 849 834 910; x_wconf 74' lang='lat' dir='ltr'><em>,alicujus</em></span> <span class='ocrx_word' id='word_1_20' title='bbox 854 849 1060 918; x_wconf 57' lang='lat' dir='ltr'><em>corporis</em></span> <span class='ocrx_word' id='word_1_21' title='bbox 1073 855 1233 911; x_wconf 86' lang='lat' dir='ltr'><em>partes</em></span> <span class='ocrx_word' id='word_1_22' title='bbox 1256 849 1530 896; x_wconf 78' lang='lat' dir='ltr'><em>tendentibus</em></span> <span class='ocrx_word' id='word_1_23' title='bbox 1551 850 1800 910; x_wconf 80' lang='lat' dir='ltr'><em>agitantur.</em></span> 
     </span>
    </p>
   </div>
   <div class='ocr_carea' id='block_1_5' title="bbox 515 1051 1751 1098">
    <p class='ocr_par' dir='ltr' id='par_1_5' title="bbox 515 1051 1751 1098">
     <span class='ocr_line' id='line_1_6' title="bbox 515 1051 1751 1098; baseline -0.005 1"><span class='ocrx_word' id='word_1_24' title='bbox 515 1053 889 1098; x_wconf 88' lang='lat' dir='ltr'><strong>PROPOSITIO</strong></span> <span class='ocrx_word' id='word_1_25' title='bbox 921 1052 1086 1096; x_wconf 91' lang='lat' dir='ltr'><strong>XCIV.</strong></span> <span class='ocrx_word' id='word_1_26' title='bbox 1146 1051 1504 1094; x_wconf 89' lang='lat' dir='ltr'>THEOREMA</span> <span class='ocrx_word' id='word_1_27' title='bbox 1536 1051 1751 1094; x_wconf 85' lang='lat' dir='ltr'><strong>XLVIII.</strong></span> 
     </span>
    </p>
   </div>
   <div class='ocr_carea' id='block_1_6' title="bbox 285 1171 1986 1594">
    <p class='ocr_par' dir='ltr' id='par_1_6' title="bbox 285 1171 1986 1594">
     <span class='ocr_line' id='line_1_7' title="bbox 285 1171 1984 1241; baseline -0.004 -15"><span class='ocrx_word' id='word_1_28' title='bbox 285 1185 332 1227; x_wconf 82' lang='lat' dir='ltr'><em>Si</em></span> <span class='ocrx_word' id='word_1_29' title='bbox 350 1184 477 1225; x_wconf 84' lang='lat' dir='ltr'><em>media</em></span> <span class='ocrx_word' id='word_1_30' title='bbox 497 1185 573 1225; x_wconf 85' lang='lat' dir='ltr'><em>duo</em></span> <span class='ocrx_word' id='word_1_31' title='bbox 591 1174 800 1234; x_wconf 37' lang='lat' dir='ltr'><em>similari&amp;</em></span> <span class='ocrx_word' id='word_1_32' title='bbox 821 1182 950 1237; x_wconf 69' lang='lat' dir='ltr'><em>spatio</em></span> <span class='ocrx_word' id='word_1_33' title='bbox 971 1180 1111 1235; x_wconf 85' lang='lat' dir='ltr'><em>planis</em></span> <span class='ocrx_word' id='word_1_34' title='bbox 1132 1181 1344 1235; x_wconf 80' lang='lat' dir='ltr'><em>parallelis</em></span> <span class='ocrx_word' id='word_1_35' title='bbox 1376 1181 1557 1235; x_wconf 82' lang='lat' dir='ltr'><em>utrinque</em></span> <span class='ocrx_word' id='word_1_36' title='bbox 1590 1179 1815 1241; x_wconf 55' lang='lat' dir='ltr'><em>terminat02</em></span> <span class='ocrx_word' id='word_1_37' title='bbox 1843 1171 1984 1221; x_wconf 76' lang='lat' dir='ltr'><em>distin—</em></span> 
     </span>
     <span class='ocr_line' id='line_1_8' title="bbox 336 1241 1986 1310; baseline -0.002 -14"><span class='ocrx_word' id='word_1_38' title='bbox 336 1261 512 1310; x_wconf 85' lang='lat' dir='ltr'><em>guantur</em></span> <span class='ocrx_word' id='word_1_39' title='bbox 530 1255 580 1296; x_wconf 77' lang='lat' dir='ltr'><em>ab</em></span> <span class='ocrx_word' id='word_1_40' title='bbox 600 1254 773 1306; x_wconf 58' lang='lat' dir='ltr'><em>invitent,</em></span> <span class='ocrx_word' id='word_1_41' title='bbox 794 1259 831 1295; x_wconf 88' lang='lat' dir='ltr'><em>et</em></span> <span class='ocrx_word' id='word_1_42' title='bbox 850 1267 985 1307; x_wconf 61' lang='lat' dir='ltr'><em>corpus</em></span> <span class='ocrx_word' id='word_1_43' title='bbox 1000 1286 1004 1291; x_wconf 72' lang='grc'>,</span> <span class='ocrx_word' id='word_1_44' title='bbox 1018 1253 1062 1293; x_wconf 87' lang='lat' dir='ltr'><em>in</em></span> <span class='ocrx_word' id='word_1_45' title='bbox 1094 1251 1265 1292; x_wconf 83' lang='lat' dir='ltr'><em>transitu</em></span> <span class='ocrx_word' id='word_1_46' title='bbox 1284 1265 1364 1305; x_wconf 85' lang='lat' dir='ltr'><em>per</em></span> <span class='ocrx_word' id='word_1_47' title='bbox 1375 1241 1446 1292; x_wconf 71' lang='lat' dir='ltr'><em>Iioc</em></span> <span class='ocrx_word' id='word_1_48' title='bbox 1473 1250 1640 1305; x_wconf 83' lang='lat' dir='ltr'><em>spatium</em></span> <span class='ocrx_word' id='word_1_49' title='bbox 1666 1250 1893 1291; x_wconf 79' lang='lat' dir='ltr'><em>attrahatur</em></span> <span class='ocrx_word' id='word_1_50' title='bbox 1923 1250 1986 1292; x_wconf 84' lang='lat' dir='ltr'><em>vel</em></span> 
     </span>
     <span class='ocr_line' id='line_1_9' title="bbox 342 1320 1985 1380; baseline -0.003 -12"><span class='ocrx_word' id='word_1_51' title='bbox 342 1327 566 1380; x_wconf 79' lang='lat' dir='ltr'><em>impellatur</em></span> <span class='ocrx_word' id='word_1_52' title='bbox 576 1325 957 1380; x_wconf 80' lang='lat' dir='ltr'><em>perpendiculariter</em></span> <span class='ocrx_word' id='word_1_53' title='bbox 975 1336 1102 1365; x_wconf 82' lang='lat' dir='ltr'><em>versus</em></span> <span class='ocrx_word' id='word_1_54' title='bbox 1119 1323 1282 1363; x_wconf 85' lang='lat' dir='ltr'><em>medium</em></span> <span class='ocrx_word' id='word_1_55' title='bbox 1301 1322 1541 1373; x_wconf 71' lang='lat' dir='ltr'><em>alterutrum,</em></span> <span class='ocrx_word' id='word_1_56' title='bbox 1572 1335 1692 1376; x_wconf 84' lang='lat' dir='ltr'><em>neque</em></span> <span class='ocrx_word' id='word_1_57' title='bbox 1716 1320 1800 1362; x_wconf 68' lang='lat' dir='ltr'><em>ulla</em></span> <span class='ocrx_word' id='word_1_58' title='bbox 1827 1320 1914 1362; x_wconf 72' lang='lat' dir='ltr'><em>alid</em></span> <span class='ocrx_word' id='word_1_59' title='bbox 1943 1322 1985 1363; x_wconf 80' lang='lat' dir='ltr'><em>vi</em></span> 
     </span>
     <span class='ocr_line' id='line_1_10' title="bbox 342 1393 1983 1451; baseline -0.002 -14"><span class='ocrx_word' id='word_1_60' title='bbox 342 1399 513 1451; x_wconf 82' lang='lat' dir='ltr'><em>agitetur</em></span> <span class='ocrx_word' id='word_1_61' title='bbox 531 1399 591 1439; x_wconf 82' lang='lat' dir='ltr'><em>vel</em></span> <span class='ocrx_word' id='word_1_62' title='bbox 610 1398 845 1451; x_wconf 82' lang='lat' dir='ltr'><em>impediatur</em></span> <span class='ocrx_word' id='word_1_63' title='bbox 859 1418 875 1443; x_wconf 90' lang='lat'><em>,·</em></span> <span class='ocrx_word' id='word_1_64' title='bbox 910 1396 962 1437; x_wconf 86' lang='lat' dir='ltr'><em>sit</em></span> <span class='ocrx_word' id='word_1_65' title='bbox 980 1401 1106 1436; x_wconf 81' lang='lat' dir='ltr'><em>autem</em></span> <span class='ocrx_word' id='word_1_66' title='bbox 1125 1394 1324 1442; x_wconf 83' lang='lat' dir='ltr'><em>attractio,</em></span> <span class='ocrx_word' id='word_1_67' title='bbox 1341 1393 1384 1434; x_wconf 89' lang='lat' dir='ltr'><em>in</em></span> <span class='ocrx_word' id='word_1_68' title='bbox 1397 1393 1609 1447; x_wconf 77' lang='lat' dir='ltr'><em>aequalibus</em></span> <span class='ocrx_word' id='word_1_69' title='bbox 1620 1393 1671 1434; x_wconf 84' lang='lat' dir='ltr'><em>ab</em></span> <span class='ocrx_word' id='word_1_70' title='bbox 1684 1398 1844 1447; x_wconf 84' lang='lat' dir='ltr'><em>utroque</em></span> <span class='ocrx_word' id='word_1_71' title='bbox 1854 1394 1983 1447; x_wconf 87' lang='lat' dir='ltr'><em>plano</em></span> 
     </span>
     <span class='ocr_line' id='line_1_11' title="bbox 342 1459 1984 1521; baseline -0.002 -13"><span class='ocrx_word' id='word_1_72' title='bbox 342 1469 543 1510; x_wconf 77' lang='lat' dir='ltr'><em>distantiis</em></span> <span class='ocrx_word' id='word_1_73' title='bbox 562 1470 618 1509; x_wconf 86' lang='lat' dir='ltr'><em>ad</em></span> <span class='ocrx_word' id='word_1_74' title='bbox 635 1469 792 1509; x_wconf 83' lang='lat' dir='ltr'><em>eandem</em></span> <span class='ocrx_word' id='word_1_75' title='bbox 812 1467 933 1521; x_wconf 84' lang='lat' dir='ltr'><em>ipsius</em></span> <span class='ocrx_word' id='word_1_76' title='bbox 943 1471 1100 1520; x_wconf 83' lang='lat' dir='ltr'><em>partem</em></span> <span class='ocrx_word' id='word_1_77' title='bbox 1119 1464 1257 1517; x_wconf 76' lang='lat' dir='ltr'><em>captis,</em></span> <span class='ocrx_word' id='word_1_78' title='bbox 1278 1459 1416 1517; x_wconf 75' lang='lat' dir='ltr'><em>ubiq’ue</em></span> <span class='ocrx_word' id='word_1_79' title='bbox 1435 1463 1566 1504; x_wconf 85' lang='lat' dir='ltr'><em>eadem</em></span> <span class='ocrx_word' id='word_1_80' title='bbox 1579 1481 1593 1503; x_wconf 93' lang='lat'><em>.·</em></span> <span class='ocrx_word' id='word_1_81' title='bbox 1633 1463 1720 1504; x_wconf 83' lang='lat' dir='ltr'><em>dico</em></span> <span class='ocrx_word' id='word_1_82' title='bbox 1748 1463 1851 1517; x_wconf 83' lang='lat' dir='ltr'><em>quod</em></span> <span class='ocrx_word' id='word_1_83' title='bbox 1876 1463 1984 1505; x_wconf 81' lang='lat' dir='ltr'><em>sinus</em></span> 
     </span>
     <span class='ocr_line' id='line_1_12' title="bbox 340 1534 1984 1594; baseline -0.004 -12"><span class='ocrx_word' id='word_1_84' title='bbox 340 1541 565 1582; x_wconf 66' lang='lat' dir='ltr'><em>incidentiae</em></span> <span class='ocrx_word' id='word_1_85' title='bbox 584 1541 626 1582; x_wconf 88' lang='lat' dir='ltr'><em>in</em></span> <span class='ocrx_word' id='word_1_86' title='bbox 637 1542 804 1594; x_wconf 84' lang='lat' dir='ltr'><em>planum</em></span> <span class='ocrx_word' id='word_1_87' title='bbox 824 1540 1051 1580; x_wconf 86' lang='lat' dir='ltr'><em>alterutrum</em></span> <span class='ocrx_word' id='word_1_88' title='bbox 1070 1537 1148 1578; x_wconf 85' lang='lat' dir='ltr'><em>erit</em></span> <span class='ocrx_word' id='word_1_89' title='bbox 1165 1536 1222 1576; x_wconf 85' lang='lat' dir='ltr'><em>ad</em></span> <span class='ocrx_word' id='word_1_90' title='bbox 1233 1535 1357 1576; x_wconf 86' lang='lat' dir='ltr'><em>sinum</em></span> <span class='ocrx_word' id='word_1_91' title='bbox 1372 1534 1614 1589; x_wconf 82' lang='lat' dir='ltr'><em>emergentiae</em></span> <span class='ocrx_word' id='word_1_92' title='bbox 1631 1549 1680 1576; x_wconf 71' lang='lat' dir='ltr'><em>ea·</em></span> <span class='ocrx_word' id='word_1_93' title='bbox 1701 1535 1830 1588; x_wconf 80' lang='lat' dir='ltr'><em>plano</em></span> <span class='ocrx_word' id='word_1_94' title='bbox 1858 1536 1984 1576; x_wconf 87' lang='lat' dir='ltr'><em>altero</em></span> 
     </span>
    </p>
   </div>
   <div class='ocr_carea' id='block_1_7' title="bbox 340 1610 684 1654">
    <p class='ocr_par' dir='ltr' id='par_1_7' title="bbox 340 1610 684 1654">
     <span class='ocr_line' id='line_1_13' title="bbox 340 1610 684 1654; baseline 0 -1"><span class='ocrx_word' id='word_1_95' title='bbox 340 1614 382 1654; x_wconf 87' lang='lat' dir='ltr'><em>in</em></span> <span class='ocrx_word' id='word_1_96' title='bbox 402 1612 557 1653; x_wconf 85' lang='lat' dir='ltr'><em>ratione</em></span> <span class='ocrx_word' id='word_1_97' title='bbox 575 1610 684 1653; x_wconf 71' lang='lat' dir='ltr'><em>data.</em></span> 
     </span>
    </p>
   </div>
   <div class='ocr_carea' id='block_1_8' title="bbox 274 1732 2034 2729">
    <p class='ocr_par' dir='ltr' id='par_1_8' title="bbox 274 1732 2034 2729">
     <span class='ocr_line' id='line_1_14' title="bbox 340 1732 1982 1794; baseline -0.006 -9"><span class='ocrx_word' id='word_1_98' title='bbox 340 1742 429 1785; x_wconf 79' lang='lat' dir='ltr'><em>Cas.</em></span> <span class='ocrx_word' id='word_1_99' title='bbox 455 1748 491 1784; x_wconf 90' lang='lat'><em>1.</em></span> <span class='ocrx_word' id='word_1_100' title='bbox 525 1742 657 1784; x_wconf 91' lang='lat' dir='ltr'><em>Sunto</em></span> <span class='ocrx_word' id='word_1_101' title='bbox 678 1740 719 1784; x_wconf 95' lang='lat' dir='ltr'>A</span> <span class='ocrx_word' id='word_1_102' title='bbox 734 1755 771 1791; x_wconf 87' lang='lat' dir='ltr'><em>a,</em></span> <span class='ocrx_word' id='word_1_103' title='bbox 795 1739 833 1782; x_wconf 92' lang='lat' dir='ltr'>B</span> <span class='ocrx_word' id='word_1_104' title='bbox 846 1739 876 1780; x_wconf 93' lang='lat' dir='ltr'>b</span> <span class='ocrx_word' id='word_1_105' title='bbox 895 1738 1019 1794; x_wconf 84' lang='lat' dir='ltr'><em>plana</em></span> <span class='ocrx_word' id='word_1_106' title='bbox 1038 1736 1121 1778; x_wconf 91' lang='lat' dir='ltr'><em>duo</em></span> <span class='ocrx_word' id='word_1_107' title='bbox 1140 1733 1351 1791; x_wconf 84' lang='lat' dir='ltr'><em>parallela.</em></span> <span class='ocrx_word' id='word_1_108' title='bbox 1401 1732 1564 1775; x_wconf 86' lang='lat' dir='ltr'><em>Incidat</em></span> <span class='ocrx_word' id='word_1_109' title='bbox 1583 1737 1732 1788; x_wconf 88' lang='lat' dir='ltr'><em>c&#39;orpus</em></span> <span class='ocrx_word' id='word_1_110' title='bbox 1751 1733 1795 1773; x_wconf 89' lang='lat' dir='ltr'><em>in</em></span> <span class='ocrx_word' id='word_1_111' title='bbox 1813 1732 1982 1788; x_wconf 74' lang='lat' dir='ltr'><em>planum</em></span> 
     </span>
     <span class='ocr_line' id='line_1_15' title="bbox 280 1803 1982 1868; baseline -0.004 -16"><span class='ocrx_word' id='word_1_112' title='bbox 280 1812 395 1868; x_wconf 86' lang='lat' dir='ltr'><em>prius</em></span> <span class='ocrx_word' id='word_1_113' title='bbox 416 1812 456 1854; x_wconf 97' lang='lat' dir='ltr'>A</span> <span class='ocrx_word' id='word_1_114' title='bbox 476 1828 502 1853; x_wconf 86' lang='lat' dir='ltr'><em>a</em></span> <span class='ocrx_word' id='word_1_115' title='bbox 522 1812 572 1867; x_wconf 56' lang='grc' dir='ltr'><em>(ὖ)</em></span> <span class='ocrx_word' id='word_1_116' title='bbox 595 1811 821 1852; x_wconf 85' lang='lat' dir='ltr'><em>secundum</em></span> <span class='ocrx_word' id='word_1_117' title='bbox 840 1809 990 1850; x_wconf 86' lang='lat' dir='ltr'><em>lineam</em></span> <span class='ocrx_word' id='word_1_118' title='bbox 1011 1807 1054 1849; x_wconf 89' lang='lat' dir='ltr'>G</span> <span class='ocrx_word' id='word_1_119' title='bbox 1076 1806 1138 1856; x_wconf 92' lang='lat' dir='ltr'><em>H,</em></span> <span class='ocrx_word' id='word_1_120' title='bbox 1160 1819 1208 1846; x_wconf 86' lang='lat' dir='ltr'><em>ac</em></span> <span class='ocrx_word' id='word_1_121' title='bbox 1222 1811 1312 1845; x_wconf 90' lang='lat' dir='ltr'><em>toto</em></span> <span class='ocrx_word' id='word_1_122' title='bbox 1327 1817 1403 1844; x_wconf 90' lang='lat' dir='ltr'><em>suo</em></span> <span class='ocrx_word' id='word_1_123' title='bbox 1416 1816 1494 1857; x_wconf 86' lang='lat' dir='ltr'><em>per</em></span> <span class='ocrx_word' id='word_1_124' title='bbox 1504 1803 1678 1857; x_wconf 87' lang='lat' dir='ltr'><em>spatium</em></span> <span class='ocrx_word' id='word_1_125' title='bbox 1693 1803 1982 1845; x_wconf 88' lang='lat' dir='ltr'><em>intermedium</em></span> 
     </span>
     <span class='ocr_line' id='line_1_16' title="bbox 279 1878 1216 1934; baseline -0.01 -10"><span class='ocrx_word' id='word_1_126' title='bbox 279 1883 451 1924; x_wconf 85' lang='lat' dir='ltr'><em>transitu</em></span> <span class='ocrx_word' id='word_1_127' title='bbox 483 1880 710 1934; x_wconf 81' lang='lat' dir='ltr'><em>attrahatur</em></span> <span class='ocrx_word' id='word_1_128' title='bbox 739 1880 804 1922; x_wconf 91' lang='lat' dir='ltr'><em>vel</em></span> <span class='ocrx_word' id='word_1_129' title='bbox 826 1878 1058 1933; x_wconf 80' lang='lat' dir='ltr'><em>impellatur</em></span> <span class='ocrx_word' id='word_1_130' title='bbox 1077 1889 1216 1917; x_wconf 83' lang='lat' dir='ltr'><em>versus</em></span> 
     </span>
     <span class='ocr_line' id='line_1_17' title="bbox 277 1950 1216 2010; baseline -0.005 -14"><span class='ocrx_word' id='word_1_131' title='bbox 277 1955 461 1997; x_wconf 84' lang='lat' dir='ltr'><em>medium</em></span> <span class='ocrx_word' id='word_1_132' title='bbox 478 1955 724 2005; x_wconf 86' lang='lat' dir='ltr'><em>incidentiae,</em></span> <span class='ocrx_word' id='word_1_133' title='bbox 741 1953 870 2010; x_wconf 58' lang='lat' dir='ltr'><em>eaque</em></span> <span class='ocrx_word' id='word_1_134' title='bbox 890 1953 1049 1995; x_wconf 87' lang='lat' dir='ltr'><em>actione</em></span> <span class='ocrx_word' id='word_1_135' title='bbox 1063 1950 1216 1993; x_wconf 88' lang='lat' dir='ltr'><em>descri-</em></span> 
     </span>
     <span class='ocr_line' id='line_1_18' title="bbox 277 2025 1217 2080; baseline -0.005 -12"><span class='ocrx_word' id='word_1_136' title='bbox 277 2026 349 2068; x_wconf 85' lang='lat' dir='ltr'><em>bat</em></span> <span class='ocrx_word' id='word_1_137' title='bbox 376 2026 526 2068; x_wconf 84' lang='lat' dir='ltr'><em>lineam</em></span> <span class='ocrx_word' id='word_1_138' title='bbox 555 2041 720 2068; x_wconf 87' lang='lat' dir='ltr'><em>curvam</em></span> <span class='ocrx_word' id='word_1_139' title='bbox 741 2026 791 2068; x_wconf 96' lang='lat' dir='ltr'>H</span> <span class='ocrx_word' id='word_1_140' title='bbox 812 2026 847 2076; x_wconf 88' lang='lat' dir='ltr'><em>I,</em></span> <span class='ocrx_word' id='word_1_141' title='bbox 882 2025 931 2080; x_wconf 69' lang='lat' dir='ltr'><em>(e)</em></span> <span class='ocrx_word' id='word_1_142' title='bbox 962 2032 1004 2065; x_wconf 87' lang='lat' dir='ltr'><em>et</em></span> <span class='ocrx_word' id='word_1_143' title='bbox 1033 2029 1217 2079; x_wconf 82' lang='lat' dir='ltr'><em>emergat</em></span> 
     </span>
     <span class='ocr_line' id='line_1_19' title="bbox 277 2098 1216 2153; baseline -0.002 -13"><span class='ocrx_word' id='word_1_144' title='bbox 277 2098 502 2141; x_wconf 86' lang='lat' dir='ltr'><em>secundum</em></span> <span class='ocrx_word' id='word_1_145' title='bbox 513 2098 663 2141; x_wconf 87' lang='lat' dir='ltr'><em>lineam</em></span> <span class='ocrx_word' id='word_1_146' title='bbox 680 2099 702 2141; x_wconf 98' lang='lat' dir='ltr'><strong>I</strong></span> <span class='ocrx_word' id='word_1_147' title='bbox 720 2099 775 2140; x_wconf 89' lang='lat' dir='ltr'><em>K.</em></span> <span class='ocrx_word' id='word_1_148' title='bbox 816 2098 885 2140; x_wconf 88' lang='lat' dir='ltr'><em>Ad</em></span> <span class='ocrx_word' id='word_1_149' title='bbox 899 2098 1069 2153; x_wconf 86' lang='lat' dir='ltr'><em>planum</em></span> <span class='ocrx_word' id='word_1_150' title='bbox 1084 2111 1216 2139; x_wconf 88' lang='lat' dir='ltr'><em>emer-</em></span> 
     </span>
     <span class='ocr_line' id='line_1_20' title="bbox 276 2168 1214 2227; baseline 0 -17"><span class='ocrx_word' id='word_1_151' title='bbox 276 2169 427 2226; x_wconf 85' lang='lat' dir='ltr'><em>gentiae</em></span> <span class='ocrx_word' id='word_1_152' title='bbox 447 2169 484 2211; x_wconf 90' lang='lat' dir='ltr'><strong>B</strong></span> <span class='ocrx_word' id='word_1_153' title='bbox 502 2170 532 2211; x_wconf 94' lang='lat' dir='ltr'>b</span> <span class='ocrx_word' id='word_1_154' title='bbox 552 2170 732 2227; x_wconf 87' lang='lat' dir='ltr'><em>erigatur</em></span> <span class='ocrx_word' id='word_1_155' title='bbox 751 2169 1088 2225; x_wconf 85' lang='lat' dir='ltr'><em>perpendiculum</em></span> <span class='ocrx_word' id='word_1_156' title='bbox 1109 2168 1130 2210; x_wconf 94' lang='lat'>1</span> <span class='ocrx_word' id='word_1_157' title='bbox 1148 2168 1214 2219; x_wconf 89' lang='lat' dir='ltr'><em>M,</em></span> 
     </span>
     <span class='ocr_line' id='line_1_21' title="bbox 278 2239 1217 2283; baseline 0.001 -3"><span class='ocrx_word' id='word_1_158' title='bbox 278 2254 497 2283; x_wconf 86' lang='lat' dir='ltr'><em>occurrens</em></span> <span class='ocrx_word' id='word_1_159' title='bbox 535 2249 623 2283; x_wconf 89' lang='lat' dir='ltr'><em>tum</em></span> <span class='ocrx_word' id='word_1_160' title='bbox 656 2241 776 2282; x_wconf 85' lang='lat' dir='ltr'><em>lineae</em></span> <span class='ocrx_word' id='word_1_161' title='bbox 813 2241 1045 2282; x_wconf 70' lang='lat' dir='ltr'><em>incidentiae</em></span> <span class='ocrx_word' id='word_1_162' title='bbox 1086 2240 1130 2283; x_wconf 89' lang='lat' dir='ltr'>G</span> <span class='ocrx_word' id='word_1_163' title='bbox 1167 2239 1217 2281; x_wconf 91' lang='lat' dir='ltr'>H</span> 
     </span>
     <span class='ocr_line' id='line_1_22' title="bbox 276 2308 1216 2366; baseline 0 -14"><span class='ocrx_word' id='word_1_164' title='bbox 276 2310 489 2365; x_wconf 82' lang='lat' dir='ltr'><em>productae</em></span> <span class='ocrx_word' id='word_1_165' title='bbox 522 2311 566 2352; x_wconf 88' lang='lat' dir='ltr'><em>in</em></span> <span class='ocrx_word' id='word_1_166' title='bbox 602 2311 666 2362; x_wconf 88' lang='lat' dir='ltr'><em>M,</em></span> <span class='ocrx_word' id='word_1_167' title='bbox 699 2308 788 2353; x_wconf 77' lang='lat' dir='ltr'><em>tuin</em></span> <span class='ocrx_word' id='word_1_168' title='bbox 825 2311 950 2366; x_wconf 86' lang='lat' dir='ltr'><em>plano</em></span> <span class='ocrx_word' id='word_1_169' title='bbox 982 2311 1216 2354; x_wconf 61' lang='lat' dir='ltr'><em>incident-iae</em></span> 
     </span>
     <span class='ocr_line' id='line_1_23' title="bbox 282 2375 1215 2439; baseline 0.003 -19"><span class='ocrx_word' id='word_1_170' title='bbox 282 2379 322 2420; x_wconf 96' lang='lat' dir='ltr'>A</span> <span class='ocrx_word' id='word_1_171' title='bbox 340 2395 364 2421; x_wconf 87' lang='lat' dir='ltr'><em>a</em></span> <span class='ocrx_word' id='word_1_172' title='bbox 383 2381 426 2422; x_wconf 91' lang='lat' dir='ltr'><em>in</em></span> <span class='ocrx_word' id='word_1_173' title='bbox 449 2381 489 2423; x_wconf 91' lang='lat' dir='ltr'><strong>R</strong></span> <span class='ocrx_word' id='word_1_174' title='bbox 500 2397 512 2431; x_wconf 91' lang='lat'>;</span> <span class='ocrx_word' id='word_1_175' title='bbox 543 2388 584 2423; x_wconf 91' lang='lat' dir='ltr'><em>et</em></span> <span class='ocrx_word' id='word_1_176' title='bbox 602 2381 709 2423; x_wconf 81' lang='lat' dir='ltr'><em>linea</em></span> <span class='ocrx_word' id='word_1_177' title='bbox 729 2382 990 2439; x_wconf 84' lang='lat' dir='ltr'><em>emergentiae</em></span> <span class='ocrx_word' id='word_1_178' title='bbox 1013 2382 1055 2423; x_wconf 89' lang='lat' dir='ltr'><strong>K</strong></span> <span class='ocrx_word' id='word_1_179' title='bbox 1077 2382 1099 2424; x_wconf 95' lang='lat' dir='ltr'><strong>I</strong></span> <span class='ocrx_word' id='word_1_180' title='bbox 1116 2375 1215 2437; x_wconf 81' lang='lat' dir='ltr'><em>pro-</em></span> 
     </span>
     <span class='ocr_line' id='line_1_24' title="bbox 278 2452 1214 2499; baseline 0.003 -6"><span class='ocrx_word' id='word_1_181' title='bbox 278 2452 401 2494; x_wconf 86' lang='lat' dir='ltr'><em>ducta</em></span> <span class='ocrx_word' id='word_1_182' title='bbox 430 2461 618 2495; x_wconf 86' lang='lat' dir='ltr'><em>occurrat</em></span> <span class='ocrx_word' id='word_1_183' title='bbox 650 2454 698 2495; x_wconf 95' lang='lat' dir='ltr'>H</span> <span class='ocrx_word' id='word_1_184' title='bbox 724 2453 775 2495; x_wconf 92' lang='lat' dir='ltr'><strong>M</strong></span> <span class='ocrx_word' id='word_1_185' title='bbox 808 2453 852 2494; x_wconf 90' lang='lat' dir='ltr'><em>in</em></span> <span class='ocrx_word' id='word_1_186' title='bbox 888 2454 938 2496; x_wconf 91' lang='lat' dir='ltr'><em>L.</em></span> <span class='ocrx_word' id='word_1_187' title='bbox 1000 2454 1155 2499; x_wconf 85' lang='lat' dir='ltr'><em>Centro</em></span> <span class='ocrx_word' id='word_1_188' title='bbox 1175 2454 1214 2496; x_wconf 92' lang='lat' dir='ltr'>L</span> 
     </span>
     <span class='ocr_line' id='line_1_25' title="bbox 276 2524 1214 2578; baseline 0.005 -14"><span class='ocrx_word' id='word_1_189' title='bbox 276 2524 490 2566; x_wconf 85' lang='lat' dir='ltr'><em>intervallo</em></span> <span class='ocrx_word' id='word_1_190' title='bbox 507 2525 546 2568; x_wconf 93' lang='lat' dir='ltr'>L</span> <span class='ocrx_word' id='word_1_191' title='bbox 562 2526 583 2567; x_wconf 98' lang='lat' dir='ltr'><strong>I</strong></span> <span class='ocrx_word' id='word_1_192' title='bbox 599 2525 853 2568; x_wconf 84' lang='lat' dir='ltr'><em>describatur</em></span> <span class='ocrx_word' id='word_1_193' title='bbox 867 2526 1055 2578; x_wconf 88' lang='lat' dir='ltr'><em>circulus,</em></span> <span class='ocrx_word' id='word_1_194' title='bbox 1073 2542 1214 2573; x_wconf 82' lang='lat' dir='ltr'><em>secans</em></span> 
     </span>
     <span class='ocr_line' id='line_1_26' title="bbox 275 2596 2011 2657; baseline 0.006 -21"><span class='ocrx_word' id='word_1_195' title='bbox 275 2603 360 2636; x_wconf 90' lang='lat' dir='ltr'><em>tam</em></span> <span class='ocrx_word' id='word_1_196' title='bbox 383 2596 431 2637; x_wconf 95' lang='lat' dir='ltr'>H</span> <span class='ocrx_word' id='word_1_197' title='bbox 453 2596 505 2638; x_wconf 94' lang='lat' dir='ltr'>M</span> <span class='ocrx_word' id='word_1_198' title='bbox 524 2596 567 2637; x_wconf 91' lang='lat' dir='ltr'><em>in</em></span> <span class='ocrx_word' id='word_1_199' title='bbox 589 2597 625 2639; x_wconf 93' lang='lat' dir='ltr'>P</span> <span class='ocrx_word' id='word_1_200' title='bbox 646 2605 687 2638; x_wconf 85' lang='lat' dir='ltr'><em>et</em></span> <span class='ocrx_word' id='word_1_201' title='bbox 708 2598 762 2648; x_wconf 85' lang='lat' dir='ltr'><em>Q,</em></span> <span class='ocrx_word' id='word_1_202' title='bbox 785 2612 908 2653; x_wconf 88' lang='lat' dir='ltr'><em>quam</em></span> <span class='ocrx_word' id='word_1_203' title='bbox 930 2598 981 2640; x_wconf 95' lang='lat' dir='ltr'>M</span> <span class='ocrx_word' id='word_1_204' title='bbox 1002 2598 1023 2640; x_wconf 97' lang='lat' dir='ltr'><strong>I</strong></span> <span class='ocrx_word' id='word_1_205' title='bbox 1042 2599 1286 2653; x_wconf 86' lang='lat' dir='ltr'><em>productam</em></span> <span class='ocrx_word' id='word_1_206' title='bbox 1315 2600 1359 2646; x_wconf 81' lang='lat' dir='ltr'><em>in</em></span> <span class='ocrx_word' id='word_1_207' title='bbox 1380 2601 1424 2642; x_wconf 91' lang='lat' dir='ltr'>N</span> <span class='ocrx_word' id='word_1_208' title='bbox 1436 2617 1448 2651; x_wconf 85' lang='lat'><em>3</em></span> <span class='ocrx_word' id='word_1_209' title='bbox 1479 2610 1521 2644; x_wconf 86' lang='lat' dir='ltr'><em>et</em></span> <span class='ocrx_word' id='word_1_210' title='bbox 1550 2601 1686 2657; x_wconf 75' lang='lat' dir='ltr'><em>primo</em></span> <span class='ocrx_word' id='word_1_211' title='bbox 1719 2601 1755 2644; x_wconf 90' lang='lat' dir='ltr'><em>si</em></span> <span class='ocrx_word' id='word_1_212' title='bbox 1783 2602 1972 2646; x_wconf 71' lang='lat' dir='ltr'><em>attractio</em></span> <span class='ocrx_word' id='word_1_213' title='bbox 2009 2612 2011 2616; x_wconf 62' lang='lat'><em>⁴</em></span> 
     </span>
     <span class='ocr_line' id='line_1_27' title="bbox 274 2667 2034 2729; baseline 0.007 -22"><span class='ocrx_word' id='word_1_214' title='bbox 274 2667 338 2708; x_wconf 89' lang='lat' dir='ltr'><em>vel</em></span> <span class='ocrx_word' id='word_1_215' title='bbox 357 2667 557 2722; x_wconf 88' lang='lat' dir='ltr'><em>impulsus</em></span> <span class='ocrx_word' id='word_1_216' title='bbox 576 2676 754 2723; x_wconf 82' lang='lat' dir='ltr'><em>ponatur</em></span> <span class='ocrx_word' id='word_1_217' title='bbox 782 2668 1010 2720; x_wconf 87' lang='lat' dir='ltr'><em>uniformis,</em></span> <span class='ocrx_word' id='word_1_218' title='bbox 1041 2670 1119 2711; x_wconf 87' lang='lat' dir='ltr'><em>erit</em></span> <span class='ocrx_word' id='word_1_219' title='bbox 1151 2674 1222 2725; x_wconf 84' lang='lat' dir='ltr'><em>(ex</em></span> <span class='ocrx_word' id='word_1_220' title='bbox 1242 2671 1529 2715; x_wconf 83' lang='lat' dir='ltr'><em>demonstratis</em></span> <span class='ocrx_word' id='word_1_221' title='bbox 1551 2673 1729 2726; x_wconf 83' lang='lat' dir='ltr'><em>Galilaei)</em></span> <span class='ocrx_word' id='word_1_222' title='bbox 1766 2671 1811 2729; x_wconf 73' lang='lat'><em>(&#39;)</em></span> <span class='ocrx_word' id='word_1_223' title='bbox 1847 2689 1972 2719; x_wconf 81' lang='lat' dir='ltr'><em>curva</em></span> <span class='ocrx_word' id='word_1_224' title='bbox 2030 2703 2034 2707; x_wconf 94' lang='lat'><em>-</em></span> 
     </span>
    </p>
   </div>
   <div class='ocr_carea' id='block_1_9' title="bbox 1273 1916 1981 2562">
    <p class='ocr_par' dir='ltr' id='par_1_9' title="bbox 1273 1916 1981 2562">
     <span class='ocr_line' id='line_1_28' title="bbox 1273 1916 1981 2562; baseline 0 980"><span class='ocrx_word' id='word_1_225' title='bbox 1273 1916 1981 2562; x_wconf 95' lang='lat' dir='ltr'><em> </em></span> 
     </span>
    </p>
   </div>
   <div class='ocr_carea' id='block_1_10' title="bbox 273 2822 1968 3117">
    <p class='ocr_par' dir='ltr' id='par_1_10' title="bbox 273 2822 1968 3117">
     <span class='ocr_line' id='line_1_29' title="bbox 318 2822 1968 2865; baseline 0.002 -11"><span class='ocrx_word' id='word_1_226' title='bbox 318 2823 360 2864; x_wconf 72' lang='lat'><strong>(⁴¹)</strong></span> <span class='ocrx_word' id='word_1_227' title='bbox 383 2824 455 2854; x_wconf 84' lang='lat'><em>558.</em></span> <span class='ocrx_word' id='word_1_228' title='bbox 482 2825 499 2843; x_wconf 73' lang='lat'><em>¹*</em></span> <span class='ocrx_word' id='word_1_229' title='bbox 523 2824 698 2855; x_wconf 81' lang='lat' dir='ltr'><em>Secundum</em></span> <span class='ocrx_word' id='word_1_230' title='bbox 717 2825 830 2855; x_wconf 79' lang='lat' dir='ltr'><em>lineam</em></span> <span class='ocrx_word' id='word_1_231' title='bbox 849 2826 877 2856; x_wconf 85' lang='lat' dir='ltr'><strong><em>G</em></strong></span> <span class='ocrx_word' id='word_1_232' title='bbox 894 2824 937 2855; x_wconf 85' lang='lat' dir='ltr'><em>H.</em></span> <span class='ocrx_word' id='word_1_233' title='bbox 987 2823 1098 2864; x_wconf 80' lang='lat' dir='ltr'><em>Angu—</em></span> <span class='ocrx_word' id='word_1_234' title='bbox 1141 2822 1224 2853; x_wconf 65' lang='lat' dir='ltr'><em>recta</em></span> <span class='ocrx_word' id='word_1_235' title='bbox 1240 2822 1258 2852; x_wconf 95' lang='lat' dir='ltr'><strong>I</strong></span> <span class='ocrx_word' id='word_1_236' title='bbox 1275 2823 1314 2853; x_wconf 92' lang='lat' dir='ltr'>M</span> <span class='ocrx_word' id='word_1_237' title='bbox 1328 2823 1368 2854; x_wconf 81' lang='lat' dir='ltr'><em>ad</em></span> <span class='ocrx_word' id='word_1_238' title='bbox 1381 2823 1511 2863; x_wconf 71' lang='lat' dir='ltr'><em>planum</em></span> <span class='ocrx_word' id='word_1_239' title='bbox 1531 2823 1726 2865; x_wconf 81' lang='lat' dir='ltr'><em>emergenu&#39;oe</em></span> <span class='ocrx_word' id='word_1_240' title='bbox 1742 2823 1771 2855; x_wconf 92' lang='grc' dir='ltr'>Β</span> <span class='ocrx_word' id='word_1_241' title='bbox 1786 2824 1816 2863; x_wconf 92' lang='lat' dir='ltr'><em>b,</em></span> <span class='ocrx_word' id='word_1_242' title='bbox 1837 2834 1968 2865; x_wconf 79' lang='lat' dir='ltr'><em>perpen-</em></span> 
     </span>
     <span class='ocr_line' id='line_1_30' title="bbox 275 2864 1359 2905; baseline 0.001 -11"><span class='ocrx_word' id='word_1_243' title='bbox 275 2864 324 2894; x_wconf 88' lang='lat' dir='ltr'><em>lus</em></span> <span class='ocrx_word' id='word_1_244' title='bbox 338 2864 511 2895; x_wconf 80' lang='lat' dir='ltr'><em>incidentiae</em></span> <span class='ocrx_word' id='word_1_245' title='bbox 524 2866 574 2895; x_wconf 89' lang='lat' dir='ltr'><em>hic</em></span> <span class='ocrx_word' id='word_1_246' title='bbox 589 2865 700 2896; x_wconf 83' lang='lat' dir='ltr'><em>dicitur</em></span> <span class='ocrx_word' id='word_1_247' title='bbox 713 2865 973 2905; x_wconf 81' lang='lat' dir='ltr'><em>complementum</em></span> <span class='ocrx_word' id='word_1_248' title='bbox 993 2865 1100 2905; x_wconf 78' lang='lat' dir='ltr'><em>anguli</em></span> <span class='ocrx_word' id='word_1_249' title='bbox 1141 2865 1269 2902; x_wconf 23' lang='lat' dir='ltr'><em>dicullari</em></span> <span class='ocrx_word' id='word_1_250' title='bbox 1282 2865 1315 2895; x_wconf 89' lang='lat' dir='ltr'><em>in</em></span> <span class='ocrx_word' id='word_1_251' title='bbox 1330 2865 1359 2895; x_wconf 90' lang='grc' dir='ltr'><em>Ι.</em></span> 
     </span>
     <span class='ocr_line' id='line_1_31' title="bbox 279 2906 1968 2948; baseline 0.002 -12"><span class='ocrx_word' id='word_1_252' title='bbox 279 2907 308 2936; x_wconf 92' lang='lat' dir='ltr'><strong>G</strong></span> <span class='ocrx_word' id='word_1_253' title='bbox 334 2907 368 2936; x_wconf 91' lang='lat' dir='ltr'>H</span> <span class='ocrx_word' id='word_1_254' title='bbox 394 2909 424 2937; x_wconf 83' lang='lat' dir='ltr'>A</span> <span class='ocrx_word' id='word_1_255' title='bbox 450 2907 490 2938; x_wconf 84' lang='lat' dir='ltr'><em>ad</em></span> <span class='ocrx_word' id='word_1_256' title='bbox 514 2913 643 2945; x_wconf 84' lang='lat' dir='ltr'><em>rectum,</em></span> <span class='ocrx_word' id='word_1_257' title='bbox 669 2917 723 2938; x_wconf 81' lang='lat' dir='ltr'><em>seu</em></span> <span class='ocrx_word' id='word_1_258' title='bbox 746 2908 880 2948; x_wconf 78' lang='lat' dir='ltr'><em>angulus</em></span> <span class='ocrx_word' id='word_1_259' title='bbox 903 2917 996 2948; x_wconf 88' lang='lat' dir='ltr'><em>quem</em></span> <span class='ocrx_word' id='word_1_260' title='bbox 1020 2907 1101 2938; x_wconf 87' lang='lat' dir='ltr'><em>linea</em></span> <span class='ocrx_word' id='word_1_261' title='bbox 1185 2906 1231 2948; x_wconf 52' lang='grc' dir='ltr'><em>(ε)</em></span> <span class='ocrx_word' id='word_1_262' title='bbox 1256 2909 1272 2927; x_wconf 71' lang='grc'><strong>”</strong></span> <span class='ocrx_word' id='word_1_263' title='bbox 1297 2909 1342 2938; x_wconf 83' lang='grc' dir='ltr'><em>Ει</em></span> <span class='ocrx_word' id='word_1_264' title='bbox 1364 2913 1494 2948; x_wconf 75' lang='lat' dir='ltr'><em>emergat</em></span> <span class='ocrx_word' id='word_1_265' title='bbox 1516 2910 1687 2939; x_wconf 76' lang='lat' dir='ltr'><em>secundum</em></span> <span class='ocrx_word' id='word_1_266' title='bbox 1706 2909 1827 2940; x_wconf 77' lang='lat' dir='ltr'><em>lineam.</em></span> <span class='ocrx_word' id='word_1_267' title='bbox 1876 2909 1968 2941; x_wconf 68' lang='lat' dir='ltr'><em>Patet</em></span> 
     </span>
     <span class='ocr_line' id='line_1_32' title="bbox 279 2949 1965 2989; baseline 0.002 -10"><span class='ocrx_word' id='word_1_268' title='bbox 279 2949 306 2978; x_wconf 91' lang='lat' dir='ltr'>G</span> <span class='ocrx_word' id='word_1_269' title='bbox 327 2949 362 2978; x_wconf 89' lang='lat' dir='ltr'>H</span> <span class='ocrx_word' id='word_1_270' title='bbox 377 2949 535 2979; x_wconf 78' lang='lat' dir='ltr'><em>constituit</em></span> <span class='ocrx_word' id='word_1_271' title='bbox 550 2959 622 2979; x_wconf 89' lang='lat' dir='ltr'><em>cum</em></span> <span class='ocrx_word' id='word_1_272' title='bbox 635 2949 717 2980; x_wconf 64' lang='lat' dir='ltr'><em>recta</em></span> <span class='ocrx_word' id='word_1_273' title='bbox 731 2950 771 2980; x_wconf 89' lang='lat' dir='ltr'><em>ad</em></span> <span class='ocrx_word' id='word_1_274' title='bbox 784 2950 911 2988; x_wconf 82' lang='lat' dir='ltr'><em>planum</em></span> <span class='ocrx_word' id='word_1_275' title='bbox 926 2949 1099 2980; x_wconf 83' lang='lat' dir='ltr'><em>incidentiae</em></span> <span class='ocrx_word' id='word_1_276' title='bbox 1139 2955 1236 2980; x_wconf 80' lang='lat' dir='ltr'><em>rectas</em></span> <span class='ocrx_word' id='word_1_277' title='bbox 1253 2949 1283 2979; x_wconf 90' lang='lat' dir='ltr'>G</span> <span class='ocrx_word' id='word_1_278' title='bbox 1302 2949 1348 2986; x_wconf 89' lang='lat' dir='ltr'><em>H,</em></span> <span class='ocrx_word' id='word_1_279' title='bbox 1367 2949 1384 2980; x_wconf 93' lang='lat'>1</span> <span class='ocrx_word' id='word_1_280' title='bbox 1403 2950 1435 2980; x_wconf 88' lang='lat' dir='ltr'><strong>K</strong></span> <span class='ocrx_word' id='word_1_281' title='bbox 1458 2959 1512 2979; x_wconf 83' lang='lat' dir='ltr'><em>seu</em></span> <span class='ocrx_word' id='word_1_282' title='bbox 1534 2952 1667 2989; x_wconf 85' lang='lat' dir='ltr'><em>corporis</em></span> <span class='ocrx_word' id='word_1_283' title='bbox 1687 2950 1721 2980; x_wconf 85' lang='lat' dir='ltr'><em>in</em></span> <span class='ocrx_word' id='word_1_284' title='bbox 1738 2951 1772 2981; x_wconf 82' lang='lat' dir='ltr'>H</span> <span class='ocrx_word' id='word_1_285' title='bbox 1788 2956 1820 2981; x_wconf 81' lang='lat' dir='ltr'><em>et</em></span> <span class='ocrx_word' id='word_1_286' title='bbox 1835 2950 1853 2981; x_wconf 93' lang='lat'>1</span> <span class='ocrx_word' id='word_1_287' title='bbox 1868 2950 1965 2983; x_wconf 68' lang='lat' dir='ltr'><em>diret&gt;-</em></span> 
     </span>
     <span class='ocr_line' id='line_1_33' title="bbox 277 2990 1961 3034; baseline 0.002 -14"><span class='ocrx_word' id='word_1_288' title='bbox 277 2990 307 3020; x_wconf 88' lang='lat' dir='ltr'>A</span> <span class='ocrx_word' id='word_1_289' title='bbox 332 3000 350 3019; x_wconf 87' lang='lat' dir='ltr'><em>a</em></span> <span class='ocrx_word' id='word_1_290' title='bbox 372 2991 661 3029; x_wconf 79' lang='lat' dir='ltr'><em>perpendiculariter</em></span> <span class='ocrx_word' id='word_1_291' title='bbox 683 2991 781 3022; x_wconf 63' lang='lat' dir='ltr'><em>erecta</em></span> <span class='ocrx_word' id='word_1_292' title='bbox 806 2992 839 3021; x_wconf 86' lang='lat' dir='ltr'><em>in</em></span> <span class='ocrx_word' id='word_1_293' title='bbox 857 2992 902 3022; x_wconf 94' lang='lat' dir='ltr'><em>H.</em></span> <span class='ocrx_word' id='word_1_294' title='bbox 952 2991 1099 3032; x_wconf 81' lang='lat' dir='ltr'><em>Angulus</em></span> <span class='ocrx_word' id='word_1_295' title='bbox 1140 2992 1244 3027; x_wconf 77' lang='lat' dir='ltr'><em>tiones,</em></span> <span class='ocrx_word' id='word_1_296' title='bbox 1260 3000 1386 3021; x_wconf 82' lang='lat' dir='ltr'><em>curvam</em></span> <span class='ocrx_word' id='word_1_297' title='bbox 1402 2992 1437 3022; x_wconf 89' lang='lat' dir='ltr'>H</span> <span class='ocrx_word' id='word_1_298' title='bbox 1454 2991 1471 3021; x_wconf 89' lang='lat'>1</span> <span class='ocrx_word' id='word_1_299' title='bbox 1486 2991 1519 3021; x_wconf 86' lang='lat' dir='ltr'><em>in</em></span> <span class='ocrx_word' id='word_1_300' title='bbox 1533 2992 1654 3031; x_wconf 80' lang='lat' dir='ltr'><em>punctis</em></span> <span class='ocrx_word' id='word_1_301' title='bbox 1671 2993 1716 3030; x_wconf 84' lang='lat' dir='ltr'><em>H,</em></span> <span class='ocrx_word' id='word_1_302' title='bbox 1741 2992 1759 3023; x_wconf 93' lang='lat'>1</span> <span class='ocrx_word' id='word_1_303' title='bbox 1775 2993 1961 3034; x_wconf 74' lang='lat' dir='ltr'><em>contingere.</em></span> 
     </span>
     <span class='ocr_line' id='line_1_34' title="bbox 275 3033 1964 3076; baseline 0.004 -14"><span class='ocrx_word' id='word_1_304' title='bbox 275 3033 468 3071; x_wconf 79' lang='lat' dir='ltr'><em>emergentiae</em></span> <span class='ocrx_word' id='word_1_305' title='bbox 482 3039 527 3063; x_wconf 86' lang='lat' dir='ltr'><em>est</em></span> <span class='ocrx_word' id='word_1_306' title='bbox 541 3033 632 3063; x_wconf 81' lang='lat' dir='ltr'><em>etiam</em></span> <span class='ocrx_word' id='word_1_307' title='bbox 646 3033 779 3074; x_wconf 82' lang='lat' dir='ltr'><em>angulus</em></span> <span class='ocrx_word' id='word_1_308' title='bbox 796 3033 829 3064; x_wconf 93' lang='lat' dir='ltr'><strong>K</strong></span> <span class='ocrx_word' id='word_1_309' title='bbox 846 3034 863 3064; x_wconf 97' lang='lat' dir='ltr'><strong>I</strong></span> <span class='ocrx_word' id='word_1_310' title='bbox 878 3034 927 3070; x_wconf 91' lang='lat' dir='ltr'><em>M,</em></span> <span class='ocrx_word' id='word_1_311' title='bbox 948 3043 1040 3073; x_wconf 87' lang='lat' dir='ltr'><em>quem</em></span> <span class='ocrx_word' id='word_1_312' title='bbox 1062 3033 1099 3063; x_wconf 94' lang='lat' dir='ltr'><em>li-</em></span> <span class='ocrx_word' id='word_1_313' title='bbox 1185 3033 1225 3072; x_wconf 60' lang='grc' dir='ltr'><em>(ἴ)</em></span> <span class='ocrx_word' id='word_1_314' title='bbox 1250 3036 1267 3053; x_wconf 74' lang='lat'><em>*</em></span> <span class='ocrx_word' id='word_1_315' title='bbox 1301 3036 1400 3064; x_wconf 83' lang='lat' dir='ltr'><em>Curva</em></span> <span class='ocrx_word' id='word_1_316' title='bbox 1425 3035 1460 3065; x_wconf 87' lang='grc' dir='ltr'><em>Η</em></span> <span class='ocrx_word' id='word_1_317' title='bbox 1485 3035 1509 3064; x_wconf 91' lang='lat' dir='ltr'><strong>I</strong></span> <span class='ocrx_word' id='word_1_318' title='bbox 1526 3036 1678 3074; x_wconf 78' lang='lat' dir='ltr'><em>parabola,</em></span> <span class='ocrx_word' id='word_1_319' title='bbox 1705 3035 1795 3076; x_wconf 85' lang='lat' dir='ltr'><em>cujus</em></span> <span class='ocrx_word' id='word_1_320' title='bbox 1818 3034 1964 3068; x_wconf 75' lang='lat' dir='ltr'><em>diameter</em></span> 
     </span>
     <span class='ocr_line' id='line_1_35' title="bbox 273 3073 1565 3117; baseline 0.002 -13"><span class='ocrx_word' id='word_1_321' title='bbox 273 3083 333 3104; x_wconf 79' lang='lat' dir='ltr'><em>nea</em></span> <span class='ocrx_word' id='word_1_322' title='bbox 351 3073 524 3104; x_wconf 75' lang='lat' dir='ltr'><em>directionis</em></span> <span class='ocrx_word' id='word_1_323' title='bbox 545 3075 678 3114; x_wconf 82' lang='lat' dir='ltr'><em>corporis</em></span> <span class='ocrx_word' id='word_1_324' title='bbox 700 3076 890 3117; x_wconf 85' lang='lat' dir='ltr'><em>emergentis,</em></span> <span class='ocrx_word' id='word_1_325' title='bbox 913 3075 1006 3107; x_wconf 83' lang='lat' dir='ltr'><em>efficit</em></span> <span class='ocrx_word' id='word_1_326' title='bbox 1027 3085 1099 3106; x_wconf 86' lang='lat' dir='ltr'><em>cum</em></span> <span class='ocrx_word' id='word_1_327' title='bbox 1141 3076 1159 3107; x_wconf 91' lang='grc' dir='ltr'>Ι</span> <span class='ocrx_word' id='word_1_328' title='bbox 1178 3076 1218 3112; x_wconf 89' lang='lat' dir='ltr'><em>R,</em></span> <span class='ocrx_word' id='word_1_329' title='bbox 1235 3080 1317 3116; x_wconf 80' lang='lat' dir='ltr'><em>patet</em></span> <span class='ocrx_word' id='word_1_330' title='bbox 1332 3076 1401 3116; x_wconf 86' lang='lat' dir='ltr'><em>(per</em></span> <span class='ocrx_word' id='word_1_331' title='bbox 1414 3082 1477 3107; x_wconf 80' lang='lat' dir='ltr'><em>not.</em></span> <span class='ocrx_word' id='word_1_332' title='bbox 1496 3076 1565 3117; x_wconf 78' lang='lat'>40.)</span> 
     </span>
    </p>
   </div>
   <div class='ocr_carea' id='block_1_11' title="bbox 2035 1022 2086 3542">
    <p class='ocr_par' dir='ltr' id='par_1_11' title="bbox 2035 1022 2086 3542">
     <span class='ocr_line' id='line_1_36' title="bbox 2035 1022 2086 3542; baseline 0 0"><span class='ocrx_word' id='word_1_333' title='bbox 2035 1022 2086 3542; x_wconf 95' lang='lat' dir='ltr'><em> </em></span> 
     </span>
    </p>
   </div>
  </div>
 </body>
</html>
