2158 3562
288 180 359 218 xiv
994 178 1291 222 EDITORIS

286 298 455 346 potente
483 290 659 347 praedita
692 294 928 345 subtilitate,
960 295 1222 351 motibusque
1256 294 1426 336 occultis
1456 294 1632 352 agitata3
1655 295 1744 352 jam
1763 296 1818 338 ad
1837 295 1998 338 somnia

285 361 547 413 delabuntur,
579 364 765 422 neglecta
793 380 932 407 rerum
953 365 1244 407 constitutione
1264 363 1385 406 vera:
1415 379 1510 422 quae
1529 365 1627 408 sane
1645 366 1797 409 frustra
1815 366 1997 422 petenda

285 440 350 475 est
369 447 422 476 ex
441 433 654 477 fallacibus
675 437 933 492 conjecturis,
966 435 1061 478 cum
1081 436 1152 477 vix
1176 437 1300 477 etiam
1327 450 1405 491 per
1424 437 1668 479 certissimas
1688 438 1996 481 observationes

283 505 521 563 investigari
545 507 687 563 possit.
750 509 836 560 Qui
868 507 1196 563 speculationum
1224 521 1392 549 suarum
1408 525 1410 527 ’
1424 507 1739 551 fundamentum
1772 509 1997 552 desumunt

283 578 337 620 ab
351 578 674 636 hypothesibu33
706 583 866 624 etiamsi
882 580 1032 623 deinde
1046 581 1275 622 secundum
1286 580 1399 638 leges
1415 581 1673 624 mechanicas
1689 581 1995 625 accuratissime

209 645 212 647 ’
283 652 534 708 procedant3
565 654 744 696 fabulam
766 655 934 711 quidem
955 654 1186 711 elegantem
1201 653 1306 695 forte
1327 662 1369 696 et
1387 663 1615 707 venustam,
1645 656 1827 699 fabulam
1856 664 1995 698 tamen

283 725 532 768 concinnare
551 727 718 769 dicendi
739 736 848 769 sunt.

343 799 610 856 Relinquitur
629 800 734 842 adeo
768 800 936 842 tertium
967 815 1113 857 genus,
1145 799 1217 856 qui
1235 800 1543 856 philosophiam
1563 802 1718 845 scilicet
1736 800 1996 857 experimen-

281 870 408 913 talem
428 871 687 927 profitentur.
750 872 813 914 Hi
834 872 1002 928 quidem
1022 887 1076 913 ex
1096 872 1407 927 simplicissimis
1428 873 1576 929 quibus
1589 883 1763 929 possunt
1780 872 1995 930 principiis

282 957 423 987 rerum
447 944 632 985 omnium
653 958 796 986 causas
830 943 1075 986 derivandas
1091 958 1181 985 esse
1202 944 1369 986 volunt:
1400 945 1504 985 nihil
1524 953 1663 987 autem
1682 945 1875 1000 principii
1902 945 1998 986 loco

282 1022 509 1065 assumunt,
542 1014 658 1070 quod
688 1014 876 1056 nondum
908 1030 961 1056 ex
979 1014 1266 1070 Phaenomenis
1301 1015 1618 1070 comprobatum
1644 1016 1781 1058 fuerit.
1843 1015 1997 1072 Hypo-

281 1086 418 1129 theses
438 1102 524 1129 non
544 1088 925 1138 comminiscuntur,
957 1102 1092 1144 neque
1121 1087 1166 1128 in
1185 1087 1401 1143 physicam
1433 1088 1651 1143 recipiunt,
1683 1089 1764 1130 nisi
1794 1095 1841 1130 ut
1861 1102 1991 1144 quaes-

281 1159 415 1200 tiones
435 1158 488 1200 de
508 1164 684 1215 quarum
704 1159 874 1200 veritate
899 1158 1145 1214 disputetur.
1205 1159 1379 1214 Duplici
1410 1160 1548 1216 itaque
1568 1159 1766 1201 methodo
1785 1158 1998 1209 incedunt,
2034 1179 2036 1181 ’

281 1229 483 1286 analytica
505 1239 547 1271 et
566 1229 809 1285 synthetica.
838 1259 841 1272 .
870 1221 1045 1271 Naturae
1080 1230 1187 1272 vires
1222 1230 1418 1287 legesque
1453 1231 1602 1272 virium
1637 1231 1906 1286 simpliciores
1946 1245 2002 1272 ex

282 1299 441 1342 selectis
463 1298 709 1355 quibusdam
728 1298 1016 1354 phaenomenis
1036 1314 1113 1354 per
1125 1299 1313 1356 analysin
1335 1301 1559 1353 deducunt,
1591 1318 1645 1344 ex
1679 1303 1829 1360 quibus
1849 1302 2002 1347 deinde

279 1386 357 1428 per
376 1371 592 1428 synthesin
612 1371 867 1427 reliquorum
887 1372 1224 1414 constitutionem
1254 1373 1438 1416 tradunt.
1500 1374 1612 1417 Haec
1630 1376 1703 1418 illa
1731 1385 1794 1418 est
1817 1376 2003 1432 philosoe

279 1442 438 1498 phandi
457 1442 562 1483 ratio
581 1441 706 1499 longe
727 1442 899 1497 optima,
932 1457 1057 1498 quam
1076 1457 1166 1497 prae
1186 1444 1346 1485 caeteris
1367 1444 1516 1487 merito
1546 1445 1881 1501 amplectendam
1907 1460 2004 1488 cen-

281 1514 361 1556 suit
392 1513 684 1555 celeberrimus
714 1521 858 1555 auctor
888 1521 1042 1556 noster.
1107 1513 1236 1555 Hanc
1264 1515 1396 1556 solam
1429 1516 1573 1572 utique
1605 1517 1775 1574 dignam
1787 1517 2004 1579 judicavit,

280 1588 324 1628 in
346 1585 426 1644 qua
448 1586 672 1629 excolenda
692 1594 815 1643 atque
836 1584 1079 1628 adornanda
1103 1601 1272 1641 operam
1292 1601 1410 1631 suam
1430 1587 1664 1630 collocaret.
1722 1589 1866 1645 Hujus
1880 1590 2007 1647 igitur

281 1659 602 1701 illustrissimum
621 1657 738 1700 dedit
757 1658 1008 1714 exemplum,
1030 1657 1233 1698 mundani
1252 1673 1403 1713 nempe
1424 1659 1656 1717 systematis
1686 1652 2003 1715 explicationem

283 1746 306 1773 e
329 1730 488 1772 theoria
517 1730 729 1788 gravitatis
758 1728 992 1772 felicissime
1024 1728 1259 1770 deductam.
1322 1729 1548 1773 Gravitatis
1581 1731 1777 1772 virtutem
1805 1731 2009 1774 universis

282 1798 525 1857 corporibus
546 1802 693 1852 inesse,
717 1800 911 1856 suspicati
933 1807 1029 1841 sunt
1049 1800 1115 1841 vel
1136 1799 1351 1841 finxerunt
1372 1800 1468 1844 alii:
1497 1800 1657 1857 primus
1673 1801 1742 1843 ille
1763 1810 1805 1843 et
1819 1802 1932 1844 solus
1951 1819 2007 1847 ex

282 1867 534 1931 apparentiis
565 1874 850 1916 demonstrare
874 1873 1023 1928 potuit,
1056 1880 1099 1914 et
1133 1873 1481 1927 speculationibus
1495 1931 1498 1934 Δ
1512 1875 1688 1933 egregiis
1722 1875 2006 1918 firmissimum

281 1960 439 2003 ponere
457 1944 787 1986 fundamentum.

344 2019 439 2065 Scio
459 2017 651 2075 equidem
671 2016 894 2059 nonnullos
915 2018 1057 2075 magni
1077 2019 1202 2060 etiam
1221 2020 1400 2062 nominis
1417 2021 1539 2072 viros,
1560 2021 1812 2077 praejudiciis
1833 2021 2003 2078 quibus-

284 2092 382 2134 dam
400 2091 494 2147 plus
509 2106 631 2148 aequo
651 2098 888 2146 occupatos,
919 2090 1020 2133 huic
1039 2107 1149 2134 novo
1168 2093 1374 2148 principio
1394 2093 1506 2151 aegre
1526 2095 1716 2137 assentiri
1734 2095 1932 2150 potuisse,
1963 2104 2005 2143 et

286 2166 409 2209 certis
448 2166 606 2207 incerta
638 2164 867 2206 identidem
905 2165 1152 2219 praetulisse.
1215 2166 1387 2208 Horum
1413 2166 1566 2208 famam
1599 2167 1791 2209 vellicare
1828 2180 1931 2208 non‘
1945 2174 2007 2209 est

285 2239 470 2281 animus:
502 2238 578 2280 tibi
595 2237 748 2292 potiUS‚
779 2237 981 2279 benevole
1001 2239 1146 2289 lector,
1177 2239 1249 2280 illa
1267 2239 1409 2294 paucis
1442 2254 1651 2295 exponere
1670 2240 1798 2290 lube't,
1830 2254 1884 2280 ex
1912 2239 2004 2296 qui-

284 2311 364 2352 bus
385 2318 472 2352 tute
486 2310 576 2365 ipse
589 2308 798 2364 judicium
817 2323 902 2349 non
918 2309 1108 2365 iniquum
1123 2310 1242 2352 feras.

345 2382 481 2439 Igitur
500 2388 547 2422 ut
581 2379 815 2437 argumenti
851 2388 1036 2422 sumatur
1067 2382 1287 2423 exordium
1308 2399 1334 2425 a
1359 2372 1668 2438 simplicissimis
1703 2390 1745 2424 et
1774 2382 2005 2438 proximis3

287 2455 551 2510 dispiciamus
585 2451 797 2508 paulisper
829 2453 960 2509 qualis
996 2454 1049 2495 sit
1077 2454 1121 2495 in
1155 2455 1417 2515 terrestribus
1451 2463 1599 2496 natura
1617 2456 1842 2512 gravitatis,
1865 2463 1912 2497 ut
1931 2455 2005 2497 de-

286 2528 385 2570 inde
401 2526 528 2569 tutius
555 2525 874 2584 progrediamur
902 2526 975 2567 ubi
1005 2526 1059 2567 ad
1089 2540 1264 2581 corpora
1293 2525 1484 2577 coelestia,
1515 2526 1754 2584 longissime
1784 2543 1809 2569 a
1839 2527 2005 2569 sedibus

287 2599 436 2642 nostris
467 2604 638 2647 remota,
669 2603 916 2651 perventum
949 2595 1085 2637 fuerit.
1149 2596 1355 2638 Convenit
1381 2598 1470 2653 jam
1501 2598 1610 2640 inter
1643 2613 1786 2640 omnes
1819 2598 2007 2654 philoso-

287 2672 408 2728 phos,
431 2683 606 2724 corpora
624 2667 817 2710 universa
837 2666 1204 2708 circumterrestria
1229 2667 1434 2724 gravitare
1463 2668 1506 2710 in
1535 2676 1701 2711 terram.
1762 2669 1892 2711 Nulla
1916 2669 2008 2711 dari

290 2756 465 2798 corpora
494 2739 588 2781 vere
618 2738 738 2789 levia⁹
763 2736 1013 2794 jamdudum
1041 2738 1302 2780 confirmavit
1331 2739 1585 2794 experientia
1603 2739 1835 2794 multiplex·
1897 2739 2008 2790 Quae

290 2817 441 2860 dicitur
459 2813 603 2855 levitas
624 2811 808 2863 relativa,
830 2825 916 2852 non
936 2817 1000 2851 est
1024 2825 1122 2852 vera
1140 2810 1297 2862 levitas,
1330 2811 1404 2852 sed
1428 2826 1630 2867 apparens
1650 2811 1937 2863 solummod03
1967 2825 2007 2858 et

293 2891 424 2933 oritur
445 2904 469 2930 a
488 2886 762 2943 praepollente
783 2884 986 2943 gravitate
1011 2898 1234 2939 corporum
1255 2884 1557 2941 contiguorum.

353 2959 499 3011 Porro,
532 2967 579 3001 ut
599 2973 776 3014 corpora
795 2958 990 3001 universa
1027 2958 1235 3015 gravitent
1259 2957 1302 2998 in
1327 2965 1494 3008 terram,
1530 2958 1588 2999 ita
1617 2966 1727 3000 terra
1760 2958 1937 3000 vicissim
1966 2960 2010 3003 iu
