2086 3542
254 240 334 277 314
660 229 1104 275 PHILOSOPHIAE
1136 226 1492 271 NATURALIS
1579 224 1725 276 [Mor.
1740 210 1965 267 oonm.'

252 357 385 391 motus
405 348 522 390 initio
539 348 743 403 descripta
761 355 855 388 sunt
872 346 916 387 in
934 343 1140 400 duplicat&
1161 343 1318 384 ratione
1346 350 1590 396 temporum.
1650 339 1836 381 Ponatur
1862 337 1940 394 igi-

250 431 320 464 tm·
336 421 529 463 velocitas
557 420 739 475 corporis
773 433 803 474 p
834 432 922 460 esse
952 416 1006 458 ad
1035 415 1292 457 velocitatem
1322 411 1506 468 corporis
1527 411 1564 453 P
1583 410 1625 452 in
1658 407 1940 463 subduplicatfi

257 1070 413 1121 ratione
434 1067 637 1110 distantiae
657 1081 675 1108 s
694 1080 723 1120 p
743 1063 797 1107 ad
817 1061 1048 1105 distantiam
1072 1062 1108 1104 C
1131 1061 1181 1113 P,
1202 1074 1253 1102 eo
1282 1068 1330 1103 ut
1362 1061 1631 1116 temporibus,
1668 1077 1762 1118 quae
1797 1061 1879 1104 sint
1907 1061 1951 1104 in

258 1142 402 1183 efidem
423 1137 705 1194 subduplicatfi
725 1136 895 1185 ratione,
917 1134 1200 1198 describamur
1220 1148 1338 1174 arcus
1359 1148 1386 1188 p
1412 1149 1451 1190 q,
1479 1134 1511 1176 P
1533 1134 1589 1184 Q,
1621 1135 1691 1190 qui
1711 1142 1806 1176 sunt
1825 1135 1954 1191 inlra..

259 1214 370 1255 tione
391 1212 548 1270 integri}
566 1227 576 1252 ε
609 1211 665 1252 Et
684 1223 856 1263 corpora
877 1207 925 1258 P,
947 1221 976 1261 p
995 1205 1148 1247 viribus
1171 1204 1397 1260 aequalibus
1418 1219 1579 1258 semper
1608 1213 1780 1246 attracta
1802 1205 1955 1247 deseri*

261 1286 362 1328 bent
376 1285 528 1327 circum
549 1291 689 1324 centra
708 1278 956 1337 quiescentia
973 1277 1008 1319 C
1025 1285 1066 1318 et
1085 1291 1104 1318 s
1124 1276 1276 1332 figuras
1297 1275 1446 1316 similes
1463 1276 1499 1316 P
1515 1275 1558 1324 Q
1574 1276 1627 1326 V,
1644 1290 1671 1330 p
1687 1291 1714 1331 q
1729 1290 1766 1326 V,
1782 1289 1956 1332 quarum

261 1356 464 1412 posterior
482 1369 511 1409 p
532 1369 560 1410 q
578 1369 604 1394 v
625 1351 766 1393 similis
786 1358 848 1391 est
867 1356 908 1391 et
926 1347 1094 1403 aequalis
1113 1346 1272 1402 figurae,
1304 1360 1424 1401 quam
1456 1358 1604 1400 corpus
1626 1346 1661 1387 P
1681 1346 1835 1387 circum
1865 1361 1957 1388 cor-

261 1442 338 1482 pus
359 1424 508 1467 mobile
531 1425 561 1466 S
581 1421 785 1464 describit.
846 1420 900 1469 Q.
922 1434 957 1460 e.
980 1418 1021 1461 d.

321 1498 409 1538 Cas.
443 1500 482 1537 2.
515 1494 721 1535 Ponamus
736 1492 824 1547 jam
844 1489 955 1546 quod
975 1502 1191 1530 commune
1209 1486 1419 1544 gravitatis
1439 1494 1637 1537 centrum,
1659 1485 1742 1527 unzi
1757 1479 1959 1543 cum‘spa-

267 1569 325 1610 tio
346 1570 387 1609 in
408 1581 490 1623 quo
510 1579 683 1620 corpora
702 1570 917 1604 moventur
936 1562 1043 1602 inter
1063 1575 1116 1611 se,
1130 1559 1393 1616 progreditur
1408 1558 1663 1600 uniformiter
1677 1558 1719 1599 in
1735 1559 1934 1600 directum
1944 1575 1959 1610 3

265 1648 306 1681 et
337 1642 428 1694 (per
447 1637 585 1693 legum
608 1633 881 1677 Corollarium
903 1631 1081 1683 sextum)
1111 1640 1247 1672 motus
1268 1645 1408 1671 omnes
1429 1630 1471 1670 in
1491 1630 1571 1671 hoc
1600 1631 1731 1685 spatio
1758 1645 1960 1688 peragen-

263 1720 330 1772 tur
350 1719 396 1751 ut
414 1710 540 1764 prius,
562 1707 739 1763 ideoque
758 1720 933 1760 corpora
950 1703 1183 1745 describent
1201 1703 1355 1744 circum
1375 1718 1419 1744 se
1438 1711 1582 1754 mutuo
1611 1703 1766 1760 figuras
1794 1702 1958 1744 easdem

263 1797 310 1824 ac
329 1782 456 1836 prius,
479 1787 520 1821 et
539 1786 756 1833 propterea
775 1777 921 1833 figurae
939 1789 968 1827 p
989 1791 1017 1831 q
1035 1791 1061 1816 v
1081 1774 1231 1816 similes
1252 1783 1293 1815 et
1311 1774 1501 1830 aequales.
1561 1774 1617 1824 Q.
1638 1790 1674 1816 e.
1695 1775 1736 1816 d.

321 1854 450 1895 Corol.
486 1857 522 1893 1.
555 1850 672 1892 Hinc
692 1863 866 1903 corpora
881 1846 1144 1898 duo,viribus
1164 1845 1367 1888 distantiae
1398 1860 1482 1887 suae
1510 1845 1886 1901 proportionalibus
1915 1861 1961 1897 se

261 1932 405 1967 mutuo
424 1922 639 1972 trahentia,
661 1920 900 1962 describunt
920 1926 1012 1975 (per
1031 1919 1159 1973 Prop.
1182 1917 1258 1970 X.)
1281 1925 1321 1959 et
1340 1917 1494 1959 circum
1514 1932 1732 1960 commune
1751 1916 1961 1976 gravitatis

263 2005 462 2046 centrum,
485 2003 526 2037 et
545 1995 698 2036 circum
719 2008 763 2034 se
782 1999 938 2040 mutuo,
961 1991 1124 2045 ellipses
1145 1989 1421 2030 concentricas
1437 2005 1448 2039 ;
1479 1997 1520 2030 et
1538 1990 1626 2031 vice
1645 1990 1775 2040 versz‘i,
1804 1990 1840 2031 si
1858 1989 1960 2034 tales

262 2070 407 2125 figurae
427 2065 726 2114 describuntur,
749 2070 844 2104 sunt
864 2062 969 2104 vires
999 2060 1052 2116 (ἁ)
1083 2059 1289 2101 distantiae
1308 2060 1647 2114 proportionales.
1741 2063 1747 2069 '

322 2138 449 2180 Corol.
482 2142 521 2178 2.
554 2136 610 2177 Et
629 2149 803 2189 corpora
835 2133 932 2183 duo,
969 2132 1122 2173 viribus
1157 2130 1361 2188 quadrato
1397 2131 1601 2173 distantioe
1635 2146 1720 2174 suae
1753 2132 1961 2189 reciproce

263 2205 647 2263 proportionalibuS,
670 2203 910 2245 describunt
941 2205 1025 2256 (pei
1055 2201 1180 2255 Prop.
1203 2200 1287 2241 XI.
1310 2199 1417 2242 XII.
1439 2200 1590 2253 XIII.)
1621 2209 1662 2243 et
1681 2201 1833 2244 circum
1849 2217 1962 2244 con:-

263 2293 386 2319 mune
406 2275 614 2334 gravitatis
635 2281 834 2323 centrum,
858 2281 897 2315 et
917 2273 1070 2313 circum
1091 2285 1135 2312 se
1154 2278 1313 2321 mutu0,
1336 2271 1537 2313 sectiones
1549 2271 1711 2313 conicas
1723 2273 1959 2316 umbilicum

265 2349 461 2390 habentes
480 2347 524 2387 in
544 2354 697 2394 centro,
719 2344 874 2387 circum
894 2342 1006 2398 quod
1026 2342 1172 2399 figurae
1201 2341 1500 2383 describuntur.
1561 2342 1618 2384 Et
1647 2343 1734 2386 vice
1764 2344 1893 2397 verse,
1923 2347 1959 2388 si

265 2421 366 2463 tales
386 2420 531 2477 figurae
551 2416 851 2467 describuntur,
873 2416 980 2457 vires
1001 2414 1240 2468 centripetae
1270 2420 1366 2454 sunt
1396 2413 1595 2469 quadrato
1623 2414 1825 2490 distantis?
1855 2418 1958 2471 reci.

263 2491 386 2549 proce
405 2488 744 2547 proportionales.

265 2603 337 2632 spa
358 2593 384 2623 C
402 2592 580 2632 P=pq:
603 2588 685 2628 PQ‚
709 2588 839 2621 estver6
863 2589 913 2632 (5)
937 2589 1088 2620 V2v==
1132 2587 1248 2620 circum
1275 2596 1386 2628 corpus
1410 2588 1523 2621 mobile
1547 2590 1578 2627 8,
1603 2591 1787 2631 (spectatum
1809 2594 1957 2631 tunquam

265 2645 319 2684 Q
336 2673 343 2692 ς
371 2634 400 2665 P
417 2634 450 2670 Q
601 2633 630 2663 Τ
644 2634 660 2651 ²
711 2638 724 2663 t
735 2634 750 2651 ²
1133 2631 1308 2668 immotum,
1326 2637 1361 2662 ut
1375 2631 1407 2660 in
1423 2631 1626 2672 propositione
1646 2631 1794 2670 superiori
1814 2633 1957 2672 exposui.

278 2689 302 2718 ‘1
368 2676 449 2716 ’Τ-
463 2659 526 2691 ⁸ive
540 2665 576 2690 Ut
600 2675 656 2716 Τ
677 2671 684 2689 ³
709 2676 761 2715 ‘T’
784 2658 921 2699 adcfique
936 2658 968 2688 V
983 2669 992 2688 ³
1010 2666 1027 2686 v
1042 2668 1088 2687 =
1132 2671 1218 2712 mus)
1245 2673 1388 2704 describit
1401 2673 1510 2704 codem
1523 2679 1668 2712 tempore,
1695 2683 1758 2714 quo
1781 2673 1861 2705 circi
1883 2684 1957 2706 em-

267 2730 297 2761 Τ
311 2741 319 2760 2
337 2734 351 2759 t
364 2741 410 2758 =
426 2729 467 2769 ν
481 2738 495 2758 3
509 2737 529 2766 p
546 2739 553 2758 Ζ
573 2729 615 2768 V
631 2727 657 2758 c
672 2726 710 2757 Ρ,
754 2725 863 2766 Itaque
873 2734 997 2764 corpo„
1008 2724 1043 2761 p,
1055 2733 1086 2763 p,
1131 2720 1216 2745 trum
1235 2715 1271 2752 C,
1288 2715 1431 2746 describit
1444 2715 1575 2759 figuram
1590 2714 1720 2745 similem
1737 2715 1766 2746 P
1783 2716 1817 2752 Q,
1829 2716 1870 2748 V.
1930 2742 1932 2744 ,

266 2771 379 2801 viribus
394 2769 561 2810 aequalibus
575 2778 695 2807 semper
708 2774 840 2802 attracta,
857 2767 972 2798 circum
986 2773 1088 2797 centra
1173 2767 1215 2808 (ὖ)
1240 2770 1257 2788 0
1282 2769 1445 2800 Distantiae
1462 2769 1703 2808 proportionales.
1762 2768 1844 2799 Cum
1870 2768 1955 2800 euim

265 2812 449 2852 quiescentia
466 2812 502 2848 C,
519 2822 541 2845 s,
558 2817 713 2841 nascentes
734 2810 847 2849 figuras
868 2809 980 2839 similes
1001 2808 1029 2838 P
1046 2808 1088 2843 Q,
1133 2810 1185 2850 (ex
1204 2809 1315 2849 Dem.)
1338 2820 1448 2848 corpus
1462 2819 1493 2848 p,
1509 2808 1589 2839 circe
1603 2820 1626 2846 s,
1642 2816 1674 2840 et
1697 2820 1824 2850 corpora
1837 2810 1901 2842 duo
1918 2811 1954 2848 P,

266 2865 286 2893 p
300 2865 328 2894 q,
345 2853 481 2894 adeoque
495 2859 527 2883 et
546 2853 663 2893 figuras
683 2851 805 2892 quasvis
825 2850 939 2881 similes
956 2850 982 2881 Ρ
1000 2851 1034 2886 Q
1048 2850 1088 2887 V,
1135 2851 1165 2886 S.
1181 2851 1260 2892 circe
1275 2861 1438 2882 commune
1452 2851 1607 2892 gravitatis
1627 2858 1766 2882 centrum
1784 2852 1820 2888 C,
1845 2858 1878 2883 et
1895 2851 1955 2883 cir-

266 2906 286 2935 p
301 2906 319 2936 q
336 2906 365 2933 v,
384 2895 552 2926 describent
566 2894 752 2933 temporibus
763 2899 794 2923 et
805 2892 1012 2923 velocitatibus
1021 2902 1090 2932 quoe
1131 2902 1202 2923 eum
1218 2903 1250 2922 se
1263 2891 1373 2923 mutuo
1383 2893 1496 2933 figuras
1506 2892 1620 2923 similes
1628 2893 1657 2923 vi
1669 2893 1833 2933 centripetfl
1843 2893 1954 2935 aquali

265 2944 356 2967 erunt
369 2937 400 2966 in
415 2936 625 2976 subduplicam
639 2936 755 2966 ratione
770 2934 979 2966 distantiarum
1001 2933 1085 2963 simi·
1126 2933 1306 2971 describant,
1329 2934 1428 2975 sitque
1451 2937 1519 2975 (per
1536 2935 1627 2975 Pmp.
1647 2935 1706 2974 X.)
1728 2935 1829 2976 figura.
1848 2945 1870 2975 p
1884 2941 1946 2976 qv.

266 2979 340 3009 lium
359 2979 384 3008 C
405 2979 437 3013 P,
463 2989 478 3008 s
500 2989 529 3017 p.
578 2979 636 3009 Est
657 2984 762 3008 autem
784 2979 835 3018 (ex
853 2975 964 3015 Dem.)
986 2975 1086 3016 figura
1127 2976 1240 3015 ellipsis
1254 2976 1342 3016 cujus
1356 2983 1495 3008 centrum
1513 2978 1544 3014 S,
1570 2977 1669 3018 liquet
1691 2978 1800 3009 verius
1823 2978 1953 3009 corolla-

265 3031 286 3060 ρ
299 3031 319 3062 q
335 3034 362 3060 v,
381 3019 487 3060 similis
500 3026 531 3050 et
545 3019 670 3060 aequalis
684 3019 792 3060 figurae
806 3028 899 3059 quam
919 3027 1029 3057 corpus
1046 3018 1083 3054 P,
1126 3017 1174 3048 rii.

2082 397 2086 430 Η..
2076 338 2086 383 ..ι-

2079 1390 2086 1474 -——..-
2080 1180 2086 1380 -„..—.—..-—‘-
2079 1123 2086 1170 .A-
2082 1090 2086 1104 Α
