<?xml version="1.0" encoding="UTF-8"?>
<!DOCTYPE html PUBLIC "-//W3C//DTD XHTML 1.0 Transitional//EN"
    "http://www.w3.org/TR/xhtml1/DTD/xhtml1-transitional.dtd">
<html xmlns="http://www.w3.org/1999/xhtml" xml:lang="en" lang="en">
 <head>
  <title>
</title>
<meta http-equiv="Content-Type" content="text/html;charset=utf-8" />
  <meta name='ocr-system' content='tesseract 3.04.00' />
  <meta name='ocr-capabilities' content='ocr_page ocr_carea ocr_par ocr_line ocrx_word'/>
</head>
<body>
  <div class='ocr_page' id='page_1' title='image "./philosophiaenatu01newtuoft_0068.png"; bbox 0 0 2086 3542; ppageno 0'>
   <div class='ocr_carea' id='block_1_1' title="bbox 232 244 1942 296">
    <p class='ocr_par' dir='ltr' id='par_1_1' title="bbox 232 244 1942 296">
     <span class='ocr_line' id='line_1_1' title="bbox 232 244 1942 296; baseline -0.005 -4"><span class='ocrx_word' id='word_1_1' title='bbox 232 250 285 292; x_wconf 72' lang='lat'>82</span> <span class='ocrx_word' id='word_1_2' title='bbox 662 244 1115 290; x_wconf 88' lang='lat' dir='ltr'>PHILOSOPHIAE</span> <span class='ocrx_word' id='word_1_3' title='bbox 1147 244 1509 290; x_wconf 89' lang='lat' dir='ltr'><strong>NATURALIS</strong></span> <span class='ocrx_word' id='word_1_4' title='bbox 1574 285 1578 288; x_wconf 87' lang='lat'>.</span> <span class='ocrx_word' id='word_1_5' title='bbox 1625 244 1818 296; x_wconf 74' lang='lat' dir='ltr'>[Axlou.</span> <span class='ocrx_word' id='word_1_6' title='bbox 1846 254 1942 287; x_wconf 70' lang='lat' dir='ltr'>srva</span> 
     </span>
    </p>
   </div>
   <div class='ocr_carea' id='block_1_2' title="bbox 225 355 1945 559">
    <p class='ocr_par' dir='ltr' id='par_1_2' title="bbox 225 355 1945 559">
     <span class='ocr_line' id='line_1_2' title="bbox 227 355 1945 419; baseline -0.005 -14"><span class='ocrx_word' id='word_1_7' title='bbox 227 362 373 405; x_wconf 86' lang='lat' dir='ltr'>eadem</span> <span class='ocrx_word' id='word_1_8' title='bbox 406 377 500 419; x_wconf 86' lang='lat' dir='ltr'>quae</span> <span class='ocrx_word' id='word_1_9' title='bbox 527 362 711 418; x_wconf 89' lang='lat' dir='ltr'>corporis</span> <span class='ocrx_word' id='word_1_10' title='bbox 732 361 915 412; x_wconf 84' lang='lat' dir='ltr'>solitarii,</span> <span class='ocrx_word' id='word_1_11' title='bbox 945 360 1084 417; x_wconf 83' lang='lat' dir='ltr'>quoad</span> <span class='ocrx_word' id='word_1_12' title='bbox 1113 361 1461 415; x_wconf 87' lang='lat' dir='ltr'>perseverantiam</span> <span class='ocrx_word' id='word_1_13' title='bbox 1493 361 1539 402; x_wconf 84' lang='lat' dir='ltr'>in</span> <span class='ocrx_word' id='word_1_14' title='bbox 1571 367 1680 402; x_wconf 84' lang='lat' dir='ltr'>statu</span> <span class='ocrx_word' id='word_1_15' title='bbox 1713 366 1851 400; x_wconf 87' lang='lat' dir='ltr'>motus</span> <span class='ocrx_word' id='word_1_16' title='bbox 1877 355 1945 402; x_wconf 73' lang='lat' dir='ltr'>vel</span> 
     </span>
     <span class='ocr_line' id='line_1_3' title="bbox 225 430 1943 490; baseline -0.003 -14"><span class='ocrx_word' id='word_1_17' title='bbox 225 434 387 490; x_wconf 88' lang='lat' dir='ltr'>quietis.</span> <span class='ocrx_word' id='word_1_18' title='bbox 447 433 592 476; x_wconf 89' lang='lat' dir='ltr'>Motus</span> <span class='ocrx_word' id='word_1_19' title='bbox 609 433 720 474; x_wconf 90' lang='lat' dir='ltr'>enim</span> <span class='ocrx_word' id='word_1_20' title='bbox 730 431 1016 488; x_wconf 85' lang='lat' dir='ltr'>progressivus</span> <span class='ocrx_word' id='word_1_21' title='bbox 1038 446 1111 472; x_wconf 88' lang='lat' dir='ltr'>seu</span> <span class='ocrx_word' id='word_1_22' title='bbox 1125 432 1308 486; x_wconf 90' lang='lat' dir='ltr'>corporis</span> <span class='ocrx_word' id='word_1_23' title='bbox 1330 431 1502 473; x_wconf 85' lang='lat' dir='ltr'>solitarii</span> <span class='ocrx_word' id='word_1_24' title='bbox 1516 447 1590 473; x_wconf 92' lang='lat' dir='ltr'>seu</span> <span class='ocrx_word' id='word_1_25' title='bbox 1605 430 1836 488; x_wconf 85' lang='lat' dir='ltr'><strong>systematis</strong></span> <span class='ocrx_word' id='word_1_26' title='bbox 1851 443 1943 471; x_wconf 84' lang='lat' dir='ltr'>cor-</span> 
     </span>
     <span class='ocr_line' id='line_1_4' title="bbox 225 501 1513 559; baseline -0.002 -13"><span class='ocrx_word' id='word_1_27' title='bbox 225 518 375 559; x_wconf 86' lang='lat' dir='ltr'><strong>porum</strong></span> <span class='ocrx_word' id='word_1_28' title='bbox 394 518 448 546; x_wconf 86' lang='lat' dir='ltr'>ex</span> <span class='ocrx_word' id='word_1_29' title='bbox 465 511 583 546; x_wconf 88' lang='lat' dir='ltr'>motu</span> <span class='ocrx_word' id='word_1_30' title='bbox 602 503 732 546; x_wconf 88' lang='lat' dir='ltr'>centri</span> <span class='ocrx_word' id='word_1_31' title='bbox 751 501 960 559; x_wconf 85' lang='lat' dir='ltr'>gravitatis</span> <span class='ocrx_word' id='word_1_32' title='bbox 981 502 1176 543; x_wconf 87' lang='lat' dir='ltr'>aestimari</span> <span class='ocrx_word' id='word_1_33' title='bbox 1196 517 1358 558; x_wconf 88' lang='lat' dir='ltr'>semper</span> <span class='ocrx_word' id='word_1_34' title='bbox 1377 502 1513 544; x_wconf 89' lang='lat' dir='ltr'>debet.</span> 
     </span>
    </p>
   </div>
   <div class='ocr_carea' id='block_1_3' title="bbox 813 663 1363 707">
    <p class='ocr_par' dir='ltr' id='par_1_3' title="bbox 813 663 1363 707">
     <span class='ocr_line' id='line_1_5' title="bbox 813 663 1363 707; baseline -0.002 0"><span class='ocrx_word' id='word_1_35' title='bbox 813 663 1280 707; x_wconf 89' lang='lat' dir='ltr'><strong>COROLLARIUM</strong></span> <span class='ocrx_word' id='word_1_36' title='bbox 1310 664 1363 706; x_wconf 90' lang='lat' dir='ltr'>V.</span> 
     </span>
    </p>
   </div>
   <div class='ocr_carea' id='block_1_4' title="bbox 228 761 1941 948">
    <p class='ocr_par' dir='ltr' id='par_1_4' title="bbox 228 761 1941 948">
     <span class='ocr_line' id='line_1_6' title="bbox 228 761 1941 822; baseline -0.003 -15"><span class='ocrx_word' id='word_1_37' title='bbox 228 766 273 822; x_wconf 63' lang='lat' dir='ltr'>(t)</span> <span class='ocrx_word' id='word_1_38' title='bbox 298 766 510 819; x_wconf 73' lang='lat' dir='ltr'>Corporum</span> <span class='ocrx_word' id='word_1_39' title='bbox 544 765 638 805; x_wconf 81' lang='lat' dir='ltr'>dato</span> <span class='ocrx_word' id='word_1_40' title='bbox 657 763 787 816; x_wconf 82' lang='lat' dir='ltr'>spatio</span> <span class='ocrx_word' id='word_1_41' title='bbox 808 762 1037 803; x_wconf 83' lang='lat' dir='ltr'>inclusorum</span> <span class='ocrx_word' id='word_1_42' title='bbox 1059 762 1174 804; x_wconf 83' lang='lat' dir='ltr'>iidem</span> <span class='ocrx_word' id='word_1_43' title='bbox 1194 767 1285 802; x_wconf 84' lang='lat' dir='ltr'>sunt</span> <span class='ocrx_word' id='word_1_44' title='bbox 1303 766 1423 802; x_wconf 77' lang='lat' dir='ltr'>motus</span> <span class='ocrx_word' id='word_1_45' title='bbox 1443 762 1546 802; x_wconf 83' lang='lat' dir='ltr'>inter</span> <span class='ocrx_word' id='word_1_46' title='bbox 1579 775 1631 811; x_wconf 87' lang='lat' dir='ltr'>se,</span> <span class='ocrx_word' id='word_1_47' title='bbox 1665 762 1747 803; x_wconf 85' lang='lat' dir='ltr'>sive</span> <span class='ocrx_word' id='word_1_48' title='bbox 1770 761 1941 814; x_wconf 67' lang='lat' dir='ltr'>spatium</span> 
     </span>
     <span class='ocr_line' id='line_1_7' title="bbox 283 833 1939 891; baseline -0.003 -13"><span class='ocrx_word' id='word_1_49' title='bbox 283 838 383 878; x_wconf 77' lang='lat' dir='ltr'><em>illud</em></span> <span class='ocrx_word' id='word_1_50' title='bbox 413 838 595 891; x_wconf 84' lang='lat' dir='ltr'><em>quiescat,</em></span> <span class='ocrx_word' id='word_1_51' title='bbox 635 837 716 877; x_wconf 82' lang='lat' dir='ltr'>sive</span> <span class='ocrx_word' id='word_1_52' title='bbox 734 841 931 876; x_wconf 83' lang='lat' dir='ltr'>moveatur</span> <span class='ocrx_word' id='word_1_53' title='bbox 950 835 1050 875; x_wconf 82' lang='lat' dir='ltr'>idem</span> <span class='ocrx_word' id='word_1_54' title='bbox 1077 834 1323 889; x_wconf 57' lang='lat' dir='ltr'>uug&#39;fhrmiter</span> <span class='ocrx_word' id='word_1_55' title='bbox 1343 834 1386 874; x_wconf 84' lang='lat' dir='ltr'>in</span> <span class='ocrx_word' id='word_1_56' title='bbox 1406 834 1590 874; x_wconf 81' lang='lat' dir='ltr'>directum</span> <span class='ocrx_word' id='word_1_57' title='bbox 1608 835 1693 875; x_wconf 83' lang='lat' dir='ltr'>sine</span> <span class='ocrx_word' id='word_1_58' title='bbox 1726 840 1829 875; x_wconf 83' lang='lat' dir='ltr'>motu</span> <span class='ocrx_word' id='word_1_59' title='bbox 1860 833 1939 874; x_wconf 86' lang='lat' dir='ltr'>cir-</span> 
     </span>
     <span class='ocr_line' id='line_1_8' title="bbox 283 909 943 948; baseline -0.003 0"><span class='ocrx_word' id='word_1_60' title='bbox 283 909 425 948; x_wconf 83' lang='lat' dir='ltr'>culari.</span> <span class='ocrx_word' id='word_1_61' title='bbox 940 915 943 918; x_wconf 86' lang='lat'>&#39;</span> 
     </span>
    </p>
   </div>
   <div class='ocr_carea' id='block_1_5' title="bbox 199 1026 1943 1436">
    <p class='ocr_par' dir='ltr' id='par_1_5' title="bbox 222 1026 1943 1369">
     <span class='ocr_line' id='line_1_9' title="bbox 283 1026 1941 1082; baseline -0.002 -11"><span class='ocrx_word' id='word_1_62' title='bbox 283 1029 394 1071; x_wconf 79' lang='lat' dir='ltr'>Nam</span> <span class='ocrx_word' id='word_1_63' title='bbox 428 1027 669 1070; x_wconf 78' lang='lat' dir='ltr'>differentiae</span> <span class='ocrx_word' id='word_1_64' title='bbox 685 1035 873 1068; x_wconf 89' lang='lat' dir='ltr'>motuum</span> <span class='ocrx_word' id='word_1_65' title='bbox 907 1026 1165 1068; x_wconf 82' lang='lat' dir='ltr'><strong>tendentium</strong></span> <span class='ocrx_word' id='word_1_66' title='bbox 1186 1027 1239 1068; x_wconf 89' lang='lat' dir='ltr'>ad</span> <span class='ocrx_word' id='word_1_67' title='bbox 1271 1026 1446 1069; x_wconf 86' lang='lat' dir='ltr'>eandem</span> <span class='ocrx_word' id='word_1_68' title='bbox 1479 1033 1654 1082; x_wconf 83' lang='lat' dir='ltr'>partem,</span> <span class='ocrx_word' id='word_1_69' title='bbox 1691 1034 1734 1067; x_wconf 89' lang='lat' dir='ltr'>et</span> <span class='ocrx_word' id='word_1_70' title='bbox 1767 1041 1941 1068; x_wconf 88' lang='lat' dir='ltr'>summae</span> 
     </span>
     <span class='ocr_line' id='line_1_10' title="bbox 224 1097 1942 1153; baseline -0.002 -11"><span class='ocrx_word' id='word_1_71' title='bbox 224 1099 482 1142; x_wconf 86' lang='lat' dir='ltr'>tendentium</span> <span class='ocrx_word' id='word_1_72' title='bbox 516 1098 570 1140; x_wconf 84' lang='lat' dir='ltr'>ad</span> <span class='ocrx_word' id='word_1_73' title='bbox 604 1098 842 1147; x_wconf 86' lang='lat' dir='ltr'>contrarias,</span> <span class='ocrx_word' id='word_1_74' title='bbox 877 1097 1036 1138; x_wconf 82' lang='lat' dir='ltr'>eaedem</span> <span class='ocrx_word' id='word_1_75' title='bbox 1071 1106 1167 1139; x_wconf 87' lang='lat' dir='ltr'>sunt</span> <span class='ocrx_word' id='word_1_76' title='bbox 1201 1102 1280 1143; x_wconf 88' lang='lat' dir='ltr'>sub</span> <span class='ocrx_word' id='word_1_77' title='bbox 1311 1098 1428 1139; x_wconf 91' lang='lat' dir='ltr'>initio</span> <span class='ocrx_word' id='word_1_78' title='bbox 1462 1097 1506 1138; x_wconf 92' lang='lat' dir='ltr'>in</span> <span class='ocrx_word' id='word_1_79' title='bbox 1532 1105 1708 1153; x_wconf 87' lang='lat' dir='ltr'>utroque</span> <span class='ocrx_word' id='word_1_80' title='bbox 1741 1111 1839 1138; x_wconf 87' lang='lat' dir='ltr'>casu</span> <span class='ocrx_word' id='word_1_81' title='bbox 1869 1100 1942 1152; x_wconf 85' lang='lat' dir='ltr'>(ex</span> 
     </span>
     <span class='ocr_line' id='line_1_11' title="bbox 225 1167 1943 1227; baseline -0.002 -15"><span class='ocrx_word' id='word_1_82' title='bbox 225 1169 459 1227; x_wconf 86' lang='lat' dir='ltr'>hypothesi)</span> <span class='ocrx_word' id='word_1_83' title='bbox 491 1176 533 1210; x_wconf 92' lang='lat' dir='ltr'>et</span> <span class='ocrx_word' id='word_1_84' title='bbox 552 1183 606 1209; x_wconf 87' lang='lat' dir='ltr'>ex</span> <span class='ocrx_word' id='word_1_85' title='bbox 624 1167 689 1208; x_wconf 90' lang='lat' dir='ltr'>his</span> <span class='ocrx_word' id='word_1_86' title='bbox 711 1167 881 1208; x_wconf 90' lang='lat' dir='ltr'>summis</span> <span class='ocrx_word' id='word_1_87' title='bbox 901 1167 967 1208; x_wconf 90' lang='lat' dir='ltr'>vel</span> <span class='ocrx_word' id='word_1_88' title='bbox 997 1167 1234 1210; x_wconf 86' lang='lat' dir='ltr'>differentiis</span> <span class='ocrx_word' id='word_1_89' title='bbox 1276 1169 1464 1210; x_wconf 89' lang='lat' dir='ltr'>oriuntur</span> <span class='ocrx_word' id='word_1_90' title='bbox 1485 1183 1729 1225; x_wconf 87' lang='lat' dir='ltr'>congressus</span> <span class='ocrx_word' id='word_1_91' title='bbox 1751 1168 1943 1222; x_wconf 77' lang='lat' dir='ltr'>et-impe-</span> 
     </span>
     <span class='ocr_line' id='line_1_12' title="bbox 223 1237 1942 1297; baseline -0.003 -14"><span class='ocrx_word' id='word_1_92' title='bbox 223 1248 287 1283; x_wconf 91' lang='lat' dir='ltr'>tus</span> <span class='ocrx_word' id='word_1_93' title='bbox 309 1241 456 1297; x_wconf 85' lang='lat' dir='ltr'>quibus</span> <span class='ocrx_word' id='word_1_94' title='bbox 478 1253 654 1293; x_wconf 88' lang='lat' dir='ltr'>corpora</span> <span class='ocrx_word' id='word_1_95' title='bbox 674 1253 717 1279; x_wconf 92' lang='lat' dir='ltr'>se</span> <span class='ocrx_word' id='word_1_96' title='bbox 737 1245 881 1278; x_wconf 90' lang='lat' dir='ltr'>mutuo</span> <span class='ocrx_word' id='word_1_97' title='bbox 901 1237 1065 1279; x_wconf 81' lang='lat' dir='ltr'>feriunt.</span> <span class='ocrx_word' id='word_1_98' title='bbox 1126 1239 1241 1296; x_wconf 86' lang='lat' dir='ltr'>Ergo</span> <span class='ocrx_word' id='word_1_99' title='bbox 1260 1254 1336 1294; x_wconf 86' lang='lat' dir='ltr'>per</span> <span class='ocrx_word' id='word_1_100' title='bbox 1357 1239 1517 1296; x_wconf 81' lang='lat' dir='ltr'>Legem</span> <span class='ocrx_word' id='word_1_101' title='bbox 1536 1245 1600 1281; x_wconf 91' lang='lat'>11.</span> <span class='ocrx_word' id='word_1_102' title='bbox 1619 1238 1798 1295; x_wconf 83' lang='lat' dir='ltr'>aequales</span> <span class='ocrx_word' id='word_1_103' title='bbox 1819 1245 1942 1279; x_wconf 89' lang='lat' dir='ltr'>erunt</span> 
     </span>
     <span class='ocr_line' id='line_1_13' title="bbox 222 1308 1942 1369; baseline -0.002 -16"><span class='ocrx_word' id='word_1_104' title='bbox 222 1325 519 1369; x_wconf 87' lang='lat' dir='ltr'>congressuum</span> <span class='ocrx_word' id='word_1_105' title='bbox 539 1308 708 1351; x_wconf 87' lang='lat' dir='ltr'>effectus</span> <span class='ocrx_word' id='word_1_106' title='bbox 728 1308 772 1349; x_wconf 91' lang='lat' dir='ltr'>in</span> <span class='ocrx_word' id='word_1_107' title='bbox 792 1315 967 1364; x_wconf 89' lang='lat' dir='ltr'>utroque</span> <span class='ocrx_word' id='word_1_108' title='bbox 988 1323 1085 1349; x_wconf 87' lang='lat' dir='ltr'>casu</span> <span class='ocrx_word' id='word_1_109' title='bbox 1096 1325 1108 1359; x_wconf 90' lang='lat'>;</span> <span class='ocrx_word' id='word_1_110' title='bbox 1139 1317 1180 1350; x_wconf 89' lang='lat' dir='ltr'>et</span> <span class='ocrx_word' id='word_1_111' title='bbox 1198 1317 1420 1365; x_wconf 88' lang='lat' dir='ltr'>propterea</span> <span class='ocrx_word' id='word_1_112' title='bbox 1434 1310 1660 1351; x_wconf 85' lang='lat' dir='ltr'>manebunt</span> <span class='ocrx_word' id='word_1_113' title='bbox 1674 1318 1810 1353; x_wconf 88' lang='lat' dir='ltr'>motus</span> <span class='ocrx_word' id='word_1_114' title='bbox 1833 1309 1942 1350; x_wconf 89' lang='lat' dir='ltr'>inter</span> 
     </span>
    </p>

    <p class='ocr_par' dir='ltr' id='par_1_6' title="bbox 199 1379 1937 1436">
     <span class='ocr_line' id='line_1_14' title="bbox 199 1379 1937 1436; baseline 0 -15"><span class='ocrx_word' id='word_1_115' title='bbox 199 1398 266 1425; x_wconf 42' lang='lat' dir='ltr'>sse</span> <span class='ocrx_word' id='word_1_116' title='bbox 285 1383 330 1423; x_wconf 89' lang='lat' dir='ltr'>in</span> <span class='ocrx_word' id='word_1_117' title='bbox 349 1396 434 1423; x_wconf 89' lang='lat' dir='ltr'>uno</span> <span class='ocrx_word' id='word_1_118' title='bbox 469 1395 567 1422; x_wconf 86' lang='lat' dir='ltr'>casu</span> <span class='ocrx_word' id='word_1_119' title='bbox 586 1379 764 1436; x_wconf 81' lang='lat' dir='ltr'>aequales</span> <span class='ocrx_word' id='word_1_120' title='bbox 790 1379 970 1421; x_wconf 88' lang='lat' dir='ltr'>motibus</span> <span class='ocrx_word' id='word_1_121' title='bbox 1005 1379 1112 1421; x_wconf 89' lang='lat' dir='ltr'>inter</span> <span class='ocrx_word' id='word_1_122' title='bbox 1133 1395 1176 1421; x_wconf 89' lang='lat' dir='ltr'>se</span> <span class='ocrx_word' id='word_1_123' title='bbox 1207 1380 1250 1421; x_wconf 86' lang='lat' dir='ltr'>in</span> <span class='ocrx_word' id='word_1_124' title='bbox 1286 1381 1415 1422; x_wconf 81' lang='lat' dir='ltr'>altero</span> <span class='ocrx_word' id='word_1_125' title='bbox 1489 1380 1609 1422; x_wconf 85' lang='lat' dir='ltr'>Idem</span> <span class='ocrx_word' id='word_1_126' title='bbox 1643 1381 1937 1435; x_wconf 87' lang='lat' dir='ltr'>comprobatur</span> 
     </span>
    </p>
   </div>
   <div class='ocr_carea' id='block_1_6' title="bbox 223 1488 1058 1529">
    <p class='ocr_par' dir='ltr' id='par_1_7' title="bbox 223 1488 1058 1529">
     <span class='ocr_line' id='line_1_15' title="bbox 223 1488 1058 1529; baseline -0.006 -6"><span class='ocrx_word' id='word_1_127' title='bbox 223 1503 262 1524; x_wconf 86' lang='lat' dir='ltr'>ex</span> <span class='ocrx_word' id='word_1_128' title='bbox 277 1491 361 1522; x_wconf 87' lang='lat' dir='ltr'>hisce</span> <span class='ocrx_word' id='word_1_129' title='bbox 375 1489 556 1529; x_wconf 82' lang='lat' dir='ltr'><strong>corporibus</strong></span> <span class='ocrx_word' id='word_1_130' title='bbox 565 1488 605 1518; x_wconf 61' lang='lat' dir='ltr'>in*</span> <span class='ocrx_word' id='word_1_131' title='bbox 611 1498 670 1519; x_wconf 90' lang='lat' dir='ltr'>suo</span> <span class='ocrx_word' id='word_1_132' title='bbox 679 1488 838 1529; x_wconf 83' lang='lat' dir='ltr'>gravitatis</span> <span class='ocrx_word' id='word_1_133' title='bbox 848 1494 955 1519; x_wconf 80' lang='lat' dir='ltr'>centro</span> <span class='ocrx_word' id='word_1_134' title='bbox 969 1498 1058 1519; x_wconf 80' lang='lat' dir='ltr'>coac-</span> 
     </span>
    </p>
   </div>
   <div class='ocr_carea' id='block_1_7' title="bbox 222 1490 1939 1574">
    <p class='ocr_par' dir='ltr' id='par_1_8' title="bbox 222 1490 1939 1574">
     <span class='ocr_line' id='line_1_16' title="bbox 222 1490 1939 1574; baseline -0.004 -9"><span class='ocrx_word' id='word_1_135' title='bbox 222 1541 255 1566; x_wconf 86' lang='lat' dir='ltr'>ta</span> <span class='ocrx_word' id='word_1_136' title='bbox 269 1533 346 1574; x_wconf 87' lang='lat' dir='ltr'>fingi</span> <span class='ocrx_word' id='word_1_137' title='bbox 356 1538 485 1572; x_wconf 86' lang='lat' dir='ltr'><strong>possunt</strong></span> <span class='ocrx_word' id='word_1_138' title='bbox 498 1533 550 1573; x_wconf 85' lang='lat' dir='ltr'>(ex</span> <span class='ocrx_word' id='word_1_139' title='bbox 562 1530 674 1571; x_wconf 87' lang='lat' dir='ltr'>Dem.)</span> <span class='ocrx_word' id='word_1_140' title='bbox 691 1541 726 1561; x_wconf 87' lang='lat' dir='ltr'>ac</span> <span class='ocrx_word' id='word_1_141' title='bbox 740 1529 870 1570; x_wconf 75' lang='lat' dir='ltr'>proinde</span> <span class='ocrx_word' id='word_1_142' title='bbox 882 1531 976 1561; x_wconf 86' lang='lat' dir='ltr'>trium</span> <span class='ocrx_word' id='word_1_143' title='bbox 989 1531 1059 1570; x_wconf 87' lang='lat' dir='ltr'>plu-</span> <span class='ocrx_word' id='word_1_144' title='bbox 1100 1496 1258 1530; x_wconf 65' lang='lat' dir='ltr'>ngeret&#39;</span> <span class='ocrx_word' id='word_1_145' title='bbox 1281 1500 1394 1530; x_wconf 55' lang='lat' dir='ltr'><strong>eorpus</strong></span> <span class='ocrx_word' id='word_1_146' title='bbox 1419 1500 1504 1520; x_wconf 68' lang='lat' dir='ltr'>emm</span> <span class='ocrx_word' id='word_1_147' title='bbox 1530 1490 1579 1527; x_wconf 71' lang='grc' dir='ltr'>Μ’</span> <span class='ocrx_word' id='word_1_148' title='bbox 1606 1500 1640 1520; x_wconf 81' lang='lat' dir='ltr'>m</span> <span class='ocrx_word' id='word_1_149' title='bbox 1653 1500 1695 1525; x_wconf 56' lang='lat' dir='ltr'>m</span> <span class='ocrx_word' id='word_1_150' title='bbox 1718 1500 1783 1520; x_wconf 73' lang='lat' dir='ltr'>non</span> <span class='ocrx_word' id='word_1_151' title='bbox 1804 1495 1870 1531; x_wconf 56' lang='lat' dir='ltr'>agn:</span> <span class='ocrx_word' id='word_1_152' title='bbox 1882 1501 1939 1530; x_wconf 55' lang='lat' dir='ltr'>pu</span> 
     </span>
    </p>
   </div>
   <div class='ocr_carea' id='block_1_8' title="bbox 1102 1532 1941 1573">
    <p class='ocr_par' dir='ltr' id='par_1_9' title="bbox 1102 1532 1941 1573">
     <span class='ocr_line' id='line_1_17' title="bbox 1102 1532 1941 1573; baseline 0.002 -11"><span class='ocrx_word' id='word_1_153' title='bbox 1102 1533 1299 1563; x_wconf 85' lang='lat' dir='ltr'>velocitatem</span> <span class='ocrx_word' id='word_1_154' title='bbox 1313 1543 1340 1569; x_wconf 89' lang='lat' dir='ltr'>c,</span> <span class='ocrx_word' id='word_1_155' title='bbox 1363 1533 1486 1573; x_wconf 89' lang='lat' dir='ltr'>utrique</span> <span class='ocrx_word' id='word_1_156' title='bbox 1510 1532 1630 1571; x_wconf 84' lang='lat' dir='ltr'><strong>corpori</strong></span> <span class='ocrx_word' id='word_1_157' title='bbox 1654 1543 1862 1568; x_wconf 83' lang='lat' dir='ltr'>communem,</span> <span class='ocrx_word' id='word_1_158' title='bbox 1886 1534 1941 1564; x_wconf 80' lang='lat' dir='ltr'>sed</span> 
     </span>
    </p>
   </div>
   <div class='ocr_carea' id='block_1_9' title="bbox 222 1573 1062 2973">
    <p class='ocr_par' dir='ltr' id='par_1_10' title="bbox 222 1573 1061 1997">
     <span class='ocr_line' id='line_1_18' title="bbox 222 1573 1059 1614; baseline -0.004 -7"><span class='ocrx_word' id='word_1_159' title='bbox 222 1578 344 1608; x_wconf 80' lang='lat' dir='ltr'>riumve</span> <span class='ocrx_word' id='word_1_160' title='bbox 370 1585 535 1614; x_wconf 82' lang='lat' dir='ltr'>corporum</span> <span class='ocrx_word' id='word_1_161' title='bbox 557 1579 612 1604; x_wconf 85' lang='lat' dir='ltr'>aut</span> <span class='ocrx_word' id='word_1_162' title='bbox 640 1573 734 1603; x_wconf 86' lang='lat' dir='ltr'>etiam</span> <span class='ocrx_word' id='word_1_163' title='bbox 754 1573 895 1614; x_wconf 85' lang='lat' dir='ltr'>ejusdem</span> <span class='ocrx_word' id='word_1_164' title='bbox 923 1574 1059 1613; x_wconf 82' lang='lat' dir='ltr'>corporis</span> 
     </span>
     <span class='ocr_line' id='line_1_19' title="bbox 222 1615 1059 1660; baseline -0.005 -10"><span class='ocrx_word' id='word_1_165' title='bbox 222 1619 359 1660; x_wconf 86' lang='lat' dir='ltr'>partium</span> <span class='ocrx_word' id='word_1_166' title='bbox 374 1623 507 1657; x_wconf 79' lang='lat' dir='ltr'>systema</span> <span class='ocrx_word' id='word_1_167' title='bbox 522 1616 562 1647; x_wconf 84' lang='lat' dir='ltr'>ad</span> <span class='ocrx_word' id='word_1_168' title='bbox 573 1616 708 1647; x_wconf 85' lang='lat' dir='ltr'>duorum</span> <span class='ocrx_word' id='word_1_169' title='bbox 722 1615 873 1646; x_wconf 81' lang='lat' dir='ltr'>duntaxat</span> <span class='ocrx_word' id='word_1_170' title='bbox 894 1626 1059 1656; x_wconf 89' lang='lat' dir='ltr'>corporum</span> 
     </span>
     <span class='ocr_line' id='line_1_20' title="bbox 223 1657 1059 1702; baseline -0.005 -9"><span class='ocrx_word' id='word_1_171' title='bbox 223 1667 358 1702; x_wconf 81' lang='lat' dir='ltr'>systema</span> <span class='ocrx_word' id='word_1_172' title='bbox 365 1659 535 1697; x_wconf 80' lang='lat' dir='ltr'>reducitur3</span> <span class='ocrx_word' id='word_1_173' title='bbox 553 1658 627 1699; x_wconf 73' lang='lat' dir='ltr'>ergo</span> <span class='ocrx_word' id='word_1_174' title='bbox 637 1658 791 1699; x_wconf 79' lang='lat' dir='ltr'>quantitas</span> <span class='ocrx_word' id='word_1_175' title='bbox 803 1657 907 1689; x_wconf 65' lang='lat' dir='ltr'>motus</span> <span class='ocrx_word' id='word_1_176' title='bbox 918 1669 1059 1699; x_wconf 88' lang='lat' dir='ltr'>progres-</span> 
     </span>
     <span class='ocr_line' id='line_1_21' title="bbox 223 1701 1054 1742; baseline -0.005 -7"><span class='ocrx_word' id='word_1_177' title='bbox 223 1704 279 1735; x_wconf 87' lang='lat' dir='ltr'>sivi</span> <span class='ocrx_word' id='word_1_178' title='bbox 289 1714 344 1734; x_wconf 88' lang='lat' dir='ltr'>seu</span> <span class='ocrx_word' id='word_1_179' title='bbox 353 1702 488 1742; x_wconf 87' lang='lat' dir='ltr'>corporis</span> <span class='ocrx_word' id='word_1_180' title='bbox 498 1701 625 1732; x_wconf 83' lang='lat' dir='ltr'>solitarii</span> <span class='ocrx_word' id='word_1_181' title='bbox 634 1711 690 1731; x_wconf 85' lang='lat' dir='ltr'>seu</span> <span class='ocrx_word' id='word_1_182' title='bbox 699 1701 870 1740; x_wconf 78' lang='lat' dir='ltr'>systematis</span> <span class='ocrx_word' id='word_1_183' title='bbox 880 1711 1054 1740; x_wconf 86' lang='lat' dir='ltr'>corporum,</span> 
     </span>
     <span class='ocr_line' id='line_1_22' title="bbox 223 1742 1053 1785; baseline -0.006 -7"><span class='ocrx_word' id='word_1_184' title='bbox 223 1757 262 1778; x_wconf 85' lang='lat' dir='ltr'>ex</span> <span class='ocrx_word' id='word_1_185' title='bbox 276 1752 366 1777; x_wconf 78' lang='lat' dir='ltr'>motu</span> <span class='ocrx_word' id='word_1_186' title='bbox 381 1744 478 1776; x_wconf 86' lang='lat' dir='ltr'>centri</span> <span class='ocrx_word' id='word_1_187' title='bbox 486 1743 645 1785; x_wconf 86' lang='lat' dir='ltr'>gravitatis</span> <span class='ocrx_word' id='word_1_188' title='bbox 656 1743 800 1774; x_wconf 78' lang='lat' dir='ltr'>aestimari</span> <span class='ocrx_word' id='word_1_189' title='bbox 811 1742 909 1774; x_wconf 78' lang='lat' dir='ltr'>debet.</span> <span class='ocrx_word' id='word_1_190' title='bbox 928 1745 969 1779; x_wconf 82' lang='lat' dir='ltr'>Q.</span> <span class='ocrx_word' id='word_1_191' title='bbox 980 1754 1007 1774; x_wconf 90' lang='lat' dir='ltr'>e.</span> <span class='ocrx_word' id='word_1_192' title='bbox 1023 1744 1053 1774; x_wconf 91' lang='lat' dir='ltr'>d.</span> 
     </span>
     <span class='ocr_line' id='line_1_23' title="bbox 233 1784 1061 1826; baseline -0.006 -5"><span class='ocrx_word' id='word_1_193' title='bbox 233 1822 236 1824; x_wconf 82' lang='grc'>,</span> <span class='ocrx_word' id='word_1_194' title='bbox 267 1793 317 1821; x_wconf 83' lang='grc'>72.</span> <span class='ocrx_word' id='word_1_195' title='bbox 339 1790 444 1821; x_wconf 82' lang='lat' dir='ltr'>Coroll.</span> <span class='ocrx_word' id='word_1_196' title='bbox 465 1790 492 1817; x_wconf 89' lang='lat'>1.</span> <span class='ocrx_word' id='word_1_197' title='bbox 511 1809 519 1817; x_wconf 91' lang='lat'><strong>.</strong></span> <span class='ocrx_word' id='word_1_198' title='bbox 533 1810 541 1817; x_wconf 86' lang='lat'><strong><em>.</em></strong></span> <span class='ocrx_word' id='word_1_199' title='bbox 553 1808 562 1817; x_wconf 90' lang='lat'><strong>.</strong></span> <span class='ocrx_word' id='word_1_200' title='bbox 575 1808 583 1817; x_wconf 90' lang='lat'><em>.</em></span> <span class='ocrx_word' id='word_1_201' title='bbox 600 1786 633 1817; x_wconf 89' lang='lat' dir='ltr'>Si</span> <span class='ocrx_word' id='word_1_202' title='bbox 648 1784 830 1816; x_wconf 67' lang='lat' dir='ltr'>differentiae</span> <span class='ocrx_word' id='word_1_203' title='bbox 853 1787 1061 1826; x_wconf 81' lang='lat' dir='ltr'>quantitatum</span> 
     </span>
     <span class='ocr_line' id='line_1_24' title="bbox 223 1828 1054 1868; baseline -0.004 -6"><span class='ocrx_word' id='word_1_204' title='bbox 223 1831 328 1862; x_wconf 68' lang='lat' dir='ltr'>motus</span> <span class='ocrx_word' id='word_1_205' title='bbox 349 1829 454 1861; x_wconf 71' lang='lat' dir='ltr'>versus</span> <span class='ocrx_word' id='word_1_206' title='bbox 467 1834 568 1868; x_wconf 76' lang='lat' dir='ltr'>partes</span> <span class='ocrx_word' id='word_1_207' title='bbox 582 1828 748 1859; x_wconf 84' lang='lat' dir='ltr'>contrarias</span> <span class='ocrx_word' id='word_1_208' title='bbox 761 1828 795 1858; x_wconf 93' lang='lat' dir='ltr'>in</span> <span class='ocrx_word' id='word_1_209' title='bbox 810 1834 972 1868; x_wconf 81' lang='lat' dir='ltr'>systemate</span> <span class='ocrx_word' id='word_1_210' title='bbox 986 1839 1054 1859; x_wconf 89' lang='lat' dir='ltr'>cor-</span> 
     </span>
     <span class='ocr_line' id='line_1_25' title="bbox 223 1871 1059 1914; baseline -0.005 -10"><span class='ocrx_word' id='word_1_211' title='bbox 223 1884 336 1914; x_wconf 86' lang='lat' dir='ltr'>porum</span> <span class='ocrx_word' id='word_1_212' title='bbox 364 1873 404 1903; x_wconf 85' lang='lat' dir='ltr'>sit</span> <span class='ocrx_word' id='word_1_213' title='bbox 431 1871 529 1902; x_wconf 80' lang='lat' dir='ltr'>nihilo</span> <span class='ocrx_word' id='word_1_214' title='bbox 557 1871 691 1911; x_wconf 56' lang='lat' dir='ltr'>aequalis</span> <span class='ocrx_word' id='word_1_215' title='bbox 721 1880 889 1901; x_wconf 88' lang='lat' dir='ltr'>commune</span> <span class='ocrx_word' id='word_1_216' title='bbox 917 1877 1059 1901; x_wconf 88' lang='lat' dir='ltr'>centrum</span> 
     </span>
     <span class='ocr_line' id='line_1_26' title="bbox 224 1913 1059 1957; baseline -0.004 -10"><span class='ocrx_word' id='word_1_217' title='bbox 224 1915 382 1957; x_wconf 86' lang='lat' dir='ltr'>gravitatis</span> <span class='ocrx_word' id='word_1_218' title='bbox 396 1914 541 1956; x_wconf 87' lang='lat' dir='ltr'>quiescit;</span> <span class='ocrx_word' id='word_1_219' title='bbox 564 1913 590 1954; x_wconf 76' lang='lat' dir='ltr'>si</span> <span class='ocrx_word' id='word_1_220' title='bbox 604 1913 766 1954; x_wconf 79' lang='lat' dir='ltr'>inaequalis</span> <span class='ocrx_word' id='word_1_221' title='bbox 786 1918 842 1949; x_wconf 87' lang='lat' dir='ltr'>est,</span> <span class='ocrx_word' id='word_1_222' title='bbox 863 1913 1059 1953; x_wconf 81' lang='lat' dir='ltr'>progreditur</span> 
     </span>
     <span class='ocr_line' id='line_1_27' title="bbox 224 1955 991 1997; baseline -0.005 -8"><span class='ocrx_word' id='word_1_223' title='bbox 224 1959 260 1989; x_wconf 89' lang='lat' dir='ltr'>in</span> <span class='ocrx_word' id='word_1_224' title='bbox 275 1969 345 1989; x_wconf 86' lang='lat' dir='ltr'>eam</span> <span class='ocrx_word' id='word_1_225' title='bbox 359 1963 479 1997; x_wconf 85' lang='lat' dir='ltr'>partem</span> <span class='ocrx_word' id='word_1_226' title='bbox 493 1955 597 1986; x_wconf 72' lang='lat' dir='ltr'>versus</span> <span class='ocrx_word' id='word_1_227' title='bbox 610 1965 706 1996; x_wconf 86' lang='lat' dir='ltr'>quam</span> <span class='ocrx_word' id='word_1_228' title='bbox 719 1955 865 1995; x_wconf 85' lang='lat' dir='ltr'>praevalet</span> <span class='ocrx_word' id='word_1_229' title='bbox 878 1962 991 1986; x_wconf 89' lang='lat' dir='ltr'>motus.</span> 
     </span>
    </p>

    <p class='ocr_par' dir='ltr' id='par_1_11' title="bbox 223 1998 1062 2371">
     <span class='ocr_line' id='line_1_28' title="bbox 223 1998 1060 2038; baseline -0.005 -7"><span class='ocrx_word' id='word_1_230' title='bbox 223 2028 229 2031; x_wconf 20' lang='lat' dir='ltr'>s</span> <span class='ocrx_word' id='word_1_231' title='bbox 268 2003 318 2033; x_wconf 81' lang='lat'>75.</span> <span class='ocrx_word' id='word_1_232' title='bbox 347 2002 450 2032; x_wconf 86' lang='lat' dir='ltr'>Coroll.</span> <span class='ocrx_word' id='word_1_233' title='bbox 478 2002 507 2029; x_wconf 80' lang='lat'>2.</span> <span class='ocrx_word' id='word_1_234' title='bbox 526 2020 535 2029; x_wconf 92' lang='lat'><strong>.</strong></span> <span class='ocrx_word' id='word_1_235' title='bbox 554 2020 563 2029; x_wconf 91' lang='lat'><strong>.</strong></span> <span class='ocrx_word' id='word_1_236' title='bbox 576 2020 585 2029; x_wconf 83' lang='lat'><strong>.</strong></span> <span class='ocrx_word' id='word_1_237' title='bbox 599 2019 608 2028; x_wconf 85' lang='lat'><strong>.</strong></span> <span class='ocrx_word' id='word_1_238' title='bbox 625 1998 735 2028; x_wconf 82' lang='lat' dir='ltr'>Motus</span> <span class='ocrx_word' id='word_1_239' title='bbox 756 1998 927 2038; x_wconf 81' lang='lat' dir='ltr'>systematis</span> <span class='ocrx_word' id='word_1_240' title='bbox 952 2008 1060 2037; x_wconf 88' lang='lat' dir='ltr'>corpo-</span> 
     </span>
     <span class='ocr_line' id='line_1_29' title="bbox 224 2040 1059 2083; baseline -0.005 -9"><span class='ocrx_word' id='word_1_241' title='bbox 224 2053 297 2074; x_wconf 87' lang='lat' dir='ltr'>rum</span> <span class='ocrx_word' id='word_1_242' title='bbox 320 2043 355 2073; x_wconf 90' lang='lat' dir='ltr'>in</span> <span class='ocrx_word' id='word_1_243' title='bbox 380 2042 505 2083; x_wconf 85' lang='lat' dir='ltr'>plagam</span> <span class='ocrx_word' id='word_1_244' title='bbox 526 2041 630 2072; x_wconf 85' lang='lat' dir='ltr'>datam</span> <span class='ocrx_word' id='word_1_245' title='bbox 644 2041 781 2076; x_wconf 87' lang='lat' dir='ltr'>habetur,</span> <span class='ocrx_word' id='word_1_246' title='bbox 805 2040 831 2070; x_wconf 89' lang='lat' dir='ltr'>si</span> <span class='ocrx_word' id='word_1_247' title='bbox 845 2040 941 2071; x_wconf 87' lang='lat' dir='ltr'>centri</span> <span class='ocrx_word' id='word_1_248' title='bbox 956 2041 1059 2081; x_wconf 83' lang='lat' dir='ltr'>gravi-</span> 
     </span>
     <span class='ocr_line' id='line_1_30' title="bbox 225 2082 1060 2123; baseline -0.006 -6"><span class='ocrx_word' id='word_1_249' title='bbox 225 2085 295 2117; x_wconf 80' lang='lat' dir='ltr'>tatis</span> <span class='ocrx_word' id='word_1_250' title='bbox 316 2091 420 2116; x_wconf 86' lang='lat' dir='ltr'>motus</span> <span class='ocrx_word' id='word_1_251' title='bbox 440 2085 475 2114; x_wconf 90' lang='lat' dir='ltr'>in</span> <span class='ocrx_word' id='word_1_252' title='bbox 498 2083 577 2114; x_wconf 87' lang='lat' dir='ltr'>duos</span> <span class='ocrx_word' id='word_1_253' title='bbox 600 2088 704 2113; x_wconf 87' lang='lat' dir='ltr'>motus</span> <span class='ocrx_word' id='word_1_254' title='bbox 725 2082 903 2119; x_wconf 85' lang='lat' dir='ltr'>resolvatur,</span> <span class='ocrx_word' id='word_1_255' title='bbox 925 2093 1060 2123; x_wconf 90' lang='lat' dir='ltr'>quorum</span> 
     </span>
     <span class='ocr_line' id='line_1_31' title="bbox 225 2124 1062 2168; baseline -0.005 -9"><span class='ocrx_word' id='word_1_256' title='bbox 225 2138 308 2159; x_wconf 87' lang='lat' dir='ltr'>unus</span> <span class='ocrx_word' id='word_1_257' title='bbox 322 2128 356 2158; x_wconf 91' lang='lat' dir='ltr'>in</span> <span class='ocrx_word' id='word_1_258' title='bbox 379 2127 506 2168; x_wconf 80' lang='lat' dir='ltr'>plagam</span> <span class='ocrx_word' id='word_1_259' title='bbox 530 2127 634 2156; x_wconf 83' lang='lat' dir='ltr'>datam</span> <span class='ocrx_word' id='word_1_260' title='bbox 655 2125 816 2166; x_wconf 84' lang='lat' dir='ltr'>dirigatur,</span> <span class='ocrx_word' id='word_1_261' title='bbox 838 2125 915 2156; x_wconf 84' lang='lat' dir='ltr'>alter</span> <span class='ocrx_word' id='word_1_262' title='bbox 928 2124 1001 2156; x_wconf 69' lang='lat' dir='ltr'>vero</span> <span class='ocrx_word' id='word_1_263' title='bbox 1022 2126 1062 2155; x_wconf 79' lang='lat' dir='ltr'>sit</span> 
     </span>
     <span class='ocr_line' id='line_1_32' title="bbox 225 2168 1061 2211; baseline -0.004 -10"><span class='ocrx_word' id='word_1_264' title='bbox 225 2171 282 2211; x_wconf 86' lang='lat' dir='ltr'>ipsi</span> <span class='ocrx_word' id='word_1_265' title='bbox 318 2168 597 2210; x_wconf 81' lang='lat' dir='ltr'>perpendicularis;</span> <span class='ocrx_word' id='word_1_266' title='bbox 629 2178 703 2198; x_wconf 89' lang='lat' dir='ltr'>nam</span> <span class='ocrx_word' id='word_1_267' title='bbox 738 2178 861 2198; x_wconf 86' lang='lat' dir='ltr'>summa</span> <span class='ocrx_word' id='word_1_268' title='bbox 895 2177 1061 2207; x_wconf 86' lang='lat' dir='ltr'>corporum</span> 
     </span>
     <span class='ocr_line' id='line_1_33' title="bbox 225 2210 1058 2251; baseline -0.005 -7"><span class='ocrx_word' id='word_1_269' title='bbox 225 2213 319 2244; x_wconf 86' lang='lat' dir='ltr'>ducta</span> <span class='ocrx_word' id='word_1_270' title='bbox 346 2212 381 2248; x_wconf 76' lang='lat' dir='ltr'>in</span> <span class='ocrx_word' id='word_1_271' title='bbox 414 2211 607 2242; x_wconf 76' lang='lat' dir='ltr'>velocitatem</span> <span class='ocrx_word' id='word_1_272' title='bbox 635 2210 732 2241; x_wconf 90' lang='lat' dir='ltr'>centri</span> <span class='ocrx_word' id='word_1_273' title='bbox 761 2210 918 2251; x_wconf 85' lang='lat' dir='ltr'>gravitatis</span> <span class='ocrx_word' id='word_1_274' title='bbox 953 2220 1058 2240; x_wconf 89' lang='lat' dir='ltr'>versus</span> 
     </span>
     <span class='ocr_line' id='line_1_34' title="bbox 226 2252 1059 2293; baseline -0.004 -6"><span class='ocrx_word' id='word_1_275' title='bbox 226 2255 331 2287; x_wconf 82' lang='lat' dir='ltr'>datam</span> <span class='ocrx_word' id='word_1_276' title='bbox 355 2254 557 2285; x_wconf 85' lang='lat' dir='ltr'>directionem</span> <span class='ocrx_word' id='word_1_277' title='bbox 580 2253 707 2292; x_wconf 79' lang='lat' dir='ltr'>exponit</span> <span class='ocrx_word' id='word_1_278' title='bbox 729 2253 932 2293; x_wconf 65' lang='lat' dir='ltr'>quantitatem</span> <span class='ocrx_word' id='word_1_279' title='bbox 955 2252 1059 2284; x_wconf 68' lang='lat' dir='ltr'>motus</span> 
     </span>
     <span class='ocr_line' id='line_1_35' title="bbox 228 2294 1061 2338; baseline -0.005 -9"><span class='ocrx_word' id='word_1_280' title='bbox 228 2299 325 2329; x_wconf 72' lang='lat' dir='ltr'>totius</span> <span class='ocrx_word' id='word_1_281' title='bbox 349 2296 521 2338; x_wconf 82' lang='lat' dir='ltr'>systematis</span> <span class='ocrx_word' id='word_1_282' title='bbox 545 2296 580 2327; x_wconf 92' lang='lat' dir='ltr'>in</span> <span class='ocrx_word' id='word_1_283' title='bbox 604 2296 736 2326; x_wconf 77' lang='lat' dir='ltr'>eandem</span> <span class='ocrx_word' id='word_1_284' title='bbox 759 2300 880 2335; x_wconf 84' lang='lat' dir='ltr'>partem</span> <span class='ocrx_word' id='word_1_285' title='bbox 900 2294 1061 2336; x_wconf 88' lang='lat' dir='ltr'>progredi-</span> 
     </span>
     <span class='ocr_line' id='line_1_36' title="bbox 226 2340 316 2371; baseline 0.011 -1"><span class='ocrx_word' id='word_1_286' title='bbox 226 2340 316 2371; x_wconf 82' lang='lat' dir='ltr'>entis.</span> 
     </span>
    </p>

    <p class='ocr_par' dir='ltr' id='par_1_12' title="bbox 226 2379 1062 2973">
     <span class='ocr_line' id='line_1_37' title="bbox 270 2379 1060 2425; baseline -0.006 -10"><span class='ocrx_word' id='word_1_287' title='bbox 270 2382 312 2425; x_wconf 86' lang='lat' dir='ltr'>(t)</span> <span class='ocrx_word' id='word_1_288' title='bbox 336 2386 386 2415; x_wconf 83' lang='lat'>74.</span> <span class='ocrx_word' id='word_1_289' title='bbox 415 2382 449 2414; x_wconf 88' lang='lat' dir='ltr'>Si</span> <span class='ocrx_word' id='word_1_290' title='bbox 470 2380 543 2412; x_wconf 87' lang='lat' dir='ltr'>navi</span> <span class='ocrx_word' id='word_1_291' title='bbox 565 2380 740 2422; x_wconf 86' lang='lat' dir='ltr'>quiescenti</span> <span class='ocrx_word' id='word_1_292' title='bbox 761 2380 796 2410; x_wconf 88' lang='lat' dir='ltr'>in</span> <span class='ocrx_word' id='word_1_293' title='bbox 810 2379 876 2421; x_wconf 65' lang='lat' dir='ltr'>qua</span> <span class='ocrx_word' id='word_1_294' title='bbox 898 2380 1060 2411; x_wconf 86' lang='lat' dir='ltr'>continen-</span> 
     </span>
     <span class='ocr_line' id='line_1_38' title="bbox 226 2423 1062 2465; baseline -0.004 -9"><span class='ocrx_word' id='word_1_295' title='bbox 226 2432 279 2456; x_wconf 89' lang='lat' dir='ltr'>tur</span> <span class='ocrx_word' id='word_1_296' title='bbox 307 2435 434 2465; x_wconf 89' lang='lat' dir='ltr'>corpora</span> <span class='ocrx_word' id='word_1_297' title='bbox 461 2424 552 2455; x_wconf 83' lang='lat' dir='ltr'>variis</span> <span class='ocrx_word' id='word_1_298' title='bbox 579 2423 715 2454; x_wconf 86' lang='lat' dir='ltr'>motibus</span> <span class='ocrx_word' id='word_1_299' title='bbox 740 2423 863 2464; x_wconf 78' lang='lat' dir='ltr'>agitata,</span> <span class='ocrx_word' id='word_1_300' title='bbox 895 2429 999 2454; x_wconf 86' lang='lat' dir='ltr'>motus</span> <span class='ocrx_word' id='word_1_301' title='bbox 1027 2423 1062 2453; x_wconf 86' lang='lat' dir='ltr'>in</span> 
     </span>
     <span class='ocr_line' id='line_1_39' title="bbox 227 2465 1061 2508; baseline -0.004 -10"><span class='ocrx_word' id='word_1_302' title='bbox 227 2467 380 2498; x_wconf 89' lang='lat' dir='ltr'>directum</span> <span class='ocrx_word' id='word_1_303' title='bbox 395 2466 554 2508; x_wconf 87' lang='lat' dir='ltr'>aequabilis</span> <span class='ocrx_word' id='word_1_304' title='bbox 567 2465 770 2506; x_wconf 86' lang='lat' dir='ltr'>imprimatur,</span> <span class='ocrx_word' id='word_1_305' title='bbox 794 2465 898 2496; x_wconf 85' lang='lat' dir='ltr'>omnia</span> <span class='ocrx_word' id='word_1_306' title='bbox 912 2466 979 2496; x_wconf 81' lang='lat' dir='ltr'>haec</span> <span class='ocrx_word' id='word_1_307' title='bbox 993 2475 1061 2496; x_wconf 85' lang='lat' dir='ltr'>cor-</span> 
     </span>
     <span class='ocr_line' id='line_1_40' title="bbox 226 2507 1058 2549; baseline -0.002 -8"><span class='ocrx_word' id='word_1_308' title='bbox 226 2520 302 2549; x_wconf 87' lang='lat' dir='ltr'>pora</span> <span class='ocrx_word' id='word_1_309' title='bbox 315 2511 401 2541; x_wconf 89' lang='lat' dir='ltr'>navis</span> <span class='ocrx_word' id='word_1_310' title='bbox 415 2509 609 2540; x_wconf 77' lang='lat' dir='ltr'>velocitatem</span> <span class='ocrx_word' id='word_1_311' title='bbox 633 2507 722 2548; x_wconf 68' lang='lat' dir='ltr'>aeque</span> <span class='ocrx_word' id='word_1_312' title='bbox 742 2508 927 2547; x_wconf 86' lang='lat' dir='ltr'>participant</span> <span class='ocrx_word' id='word_1_313' title='bbox 943 2509 1012 2549; x_wconf 85' lang='lat' dir='ltr'>(leg.</span> <span class='ocrx_word' id='word_1_314' title='bbox 1031 2512 1058 2539; x_wconf 91' lang='lat'>1.</span> 
     </span>
     <span class='ocr_line' id='line_1_41' title="bbox 229 2550 1061 2593; baseline -0.005 -11"><span class='ocrx_word' id='word_1_315' title='bbox 229 2552 287 2592; x_wconf 79' lang='grc'>2.),</span> <span class='ocrx_word' id='word_1_316' title='bbox 310 2552 448 2593; x_wconf 72' lang='lat' dir='ltr'>adeoque</span> <span class='ocrx_word' id='word_1_317' title='bbox 463 2551 595 2592; x_wconf 87' lang='lat' dir='ltr'>singulis</span> <span class='ocrx_word' id='word_1_318' title='bbox 609 2551 787 2590; x_wconf 86' lang='lat' dir='ltr'>corporibus</span> <span class='ocrx_word' id='word_1_319' title='bbox 801 2550 925 2581; x_wconf 83' lang='lat' dir='ltr'>additur</span> <span class='ocrx_word' id='word_1_320' title='bbox 938 2550 972 2580; x_wconf 85' lang='lat' dir='ltr'>in</span> <span class='ocrx_word' id='word_1_321' title='bbox 987 2560 1061 2580; x_wconf 83' lang='lat' dir='ltr'>ean-</span> 
     </span>
     <span class='ocr_line' id='line_1_42' title="bbox 227 2591 1061 2635; baseline -0.002 -11"><span class='ocrx_word' id='word_1_322' title='bbox 227 2594 299 2625; x_wconf 89' lang='lat' dir='ltr'>dem</span> <span class='ocrx_word' id='word_1_323' title='bbox 312 2595 439 2635; x_wconf 80' lang='lat' dir='ltr'>plagam</span> <span class='ocrx_word' id='word_1_324' title='bbox 454 2593 582 2635; x_wconf 86' lang='lat' dir='ltr'>aequalis</span> <span class='ocrx_word' id='word_1_325' title='bbox 594 2593 746 2627; x_wconf 81' lang='lat' dir='ltr'>velocitas,</span> <span class='ocrx_word' id='word_1_326' title='bbox 763 2602 799 2623; x_wconf 77' lang='lat' dir='ltr'>ac</span> <span class='ocrx_word' id='word_1_327' title='bbox 813 2591 941 2632; x_wconf 83' lang='lat' dir='ltr'>proinde</span> <span class='ocrx_word' id='word_1_328' title='bbox 955 2598 1061 2622; x_wconf 88' lang='lat' dir='ltr'>motus</span> 
     </span>
     <span class='ocr_line' id='line_1_43' title="bbox 228 2634 1061 2676; baseline -0.004 -9"><span class='ocrx_word' id='word_1_329' title='bbox 228 2637 298 2667; x_wconf 84' lang='lat' dir='ltr'>navi</span> <span class='ocrx_word' id='word_1_330' title='bbox 323 2638 489 2676; x_wconf 91' lang='lat' dir='ltr'>impressus</span> <span class='ocrx_word' id='word_1_331' title='bbox 509 2635 690 2675; x_wconf 77' lang='lat' dir='ltr'>respectivas</span> <span class='ocrx_word' id='word_1_332' title='bbox 705 2644 868 2673; x_wconf 89' lang='lat' dir='ltr'>corporum</span> <span class='ocrx_word' id='word_1_333' title='bbox 882 2634 1061 2665; x_wconf 79' lang='lat' dir='ltr'>velocitates</span> 
     </span>
     <span class='ocr_line' id='line_1_44' title="bbox 227 2675 1061 2719; baseline -0.005 -9"><span class='ocrx_word' id='word_1_334' title='bbox 227 2689 291 2709; x_wconf 88' lang='lat' dir='ltr'>non</span> <span class='ocrx_word' id='word_1_335' title='bbox 318 2685 434 2717; x_wconf 80' lang='lat' dir='ltr'>mutat3</span> <span class='ocrx_word' id='word_1_336' title='bbox 470 2687 564 2719; x_wconf 90' lang='lat' dir='ltr'>quare</span> <span class='ocrx_word' id='word_1_337' title='bbox 592 2675 773 2708; x_wconf 71' lang='lat' dir='ltr'>differentiae</span> <span class='ocrx_word' id='word_1_338' title='bbox 802 2677 999 2707; x_wconf 69' lang='lat' dir='ltr'>velocitatum</span> <span class='ocrx_word' id='word_1_339' title='bbox 1027 2677 1061 2706; x_wconf 88' lang='lat' dir='ltr'>in</span> 
     </span>
     <span class='ocr_line' id='line_1_45' title="bbox 229 2719 1062 2762; baseline -0.002 -12"><span class='ocrx_word' id='word_1_340' title='bbox 229 2722 405 2760; x_wconf 85' lang='lat' dir='ltr'>corporibus</span> <span class='ocrx_word' id='word_1_341' title='bbox 423 2720 545 2762; x_wconf 83' lang='lat' dir='ltr'>quaead</span> <span class='ocrx_word' id='word_1_342' title='bbox 569 2719 699 2751; x_wconf 74' lang='lat' dir='ltr'>eandem</span> <span class='ocrx_word' id='word_1_343' title='bbox 723 2725 840 2758; x_wconf 84' lang='lat' dir='ltr'>partem</span> <span class='ocrx_word' id='word_1_344' title='bbox 863 2719 1006 2753; x_wconf 81' lang='lat' dir='ltr'>tendunt,</span> <span class='ocrx_word' id='word_1_345' title='bbox 1029 2724 1062 2748; x_wconf 84' lang='lat' dir='ltr'>et</span> 
     </span>
     <span class='ocr_line' id='line_1_46' title="bbox 228 2760 1062 2801; baseline -0.002 -9"><span class='ocrx_word' id='word_1_346' title='bbox 228 2773 358 2794; x_wconf 88' lang='lat' dir='ltr'>summae</span> <span class='ocrx_word' id='word_1_347' title='bbox 372 2764 570 2794; x_wconf 85' lang='lat' dir='ltr'>velocitatum</span> <span class='ocrx_word' id='word_1_348' title='bbox 583 2763 617 2793; x_wconf 91' lang='lat' dir='ltr'>in</span> <span class='ocrx_word' id='word_1_349' title='bbox 632 2762 808 2801; x_wconf 89' lang='lat' dir='ltr'>corporibus</span> <span class='ocrx_word' id='word_1_350' title='bbox 822 2771 892 2801; x_wconf 84' lang='lat' dir='ltr'>quae</span> <span class='ocrx_word' id='word_1_351' title='bbox 907 2760 946 2791; x_wconf 86' lang='lat' dir='ltr'>ad</span> <span class='ocrx_word' id='word_1_352' title='bbox 960 2767 1062 2799; x_wconf 88' lang='lat' dir='ltr'>partes</span> 
     </span>
     <span class='ocr_line' id='line_1_47' title="bbox 229 2803 1061 2842; baseline -0.002 -8"><span class='ocrx_word' id='word_1_353' title='bbox 229 2806 394 2836; x_wconf 87' lang='lat' dir='ltr'>contrarias</span> <span class='ocrx_word' id='word_1_354' title='bbox 415 2806 556 2841; x_wconf 86' lang='lat' dir='ltr'>tendunt,</span> <span class='ocrx_word' id='word_1_355' title='bbox 580 2804 697 2835; x_wconf 88' lang='lat' dir='ltr'>eaedem</span> <span class='ocrx_word' id='word_1_356' title='bbox 710 2809 838 2833; x_wconf 86' lang='lat' dir='ltr'>manent</span> <span class='ocrx_word' id='word_1_357' title='bbox 852 2803 923 2833; x_wconf 73' lang='lat' dir='ltr'>ante</span> <span class='ocrx_word' id='word_1_358' title='bbox 939 2809 971 2833; x_wconf 76' lang='lat' dir='ltr'>et</span> <span class='ocrx_word' id='word_1_359' title='bbox 990 2809 1061 2842; x_wconf 86' lang='lat' dir='ltr'>post</span> 
     </span>
     <span class='ocr_line' id='line_1_48' title="bbox 227 2845 1059 2887; baseline -0.002 -10"><span class='ocrx_word' id='word_1_360' title='bbox 227 2853 350 2877; x_wconf 88' lang='lat' dir='ltr'>motum</span> <span class='ocrx_word' id='word_1_361' title='bbox 364 2848 434 2877; x_wconf 81' lang='lat' dir='ltr'>navi</span> <span class='ocrx_word' id='word_1_362' title='bbox 448 2849 632 2887; x_wconf 87' lang='lat' dir='ltr'>impressum</span> <span class='ocrx_word' id='word_1_363' title='bbox 637 2859 646 2885; x_wconf 87' lang='lat'>;</span> <span class='ocrx_word' id='word_1_364' title='bbox 669 2846 723 2877; x_wconf 82' lang='lat' dir='ltr'>sed</span> <span class='ocrx_word' id='word_1_365' title='bbox 746 2855 784 2876; x_wconf 85' lang='lat' dir='ltr'>ex</span> <span class='ocrx_word' id='word_1_366' title='bbox 806 2845 853 2875; x_wconf 81' lang='lat' dir='ltr'>his</span> <span class='ocrx_word' id='word_1_367' title='bbox 867 2845 997 2875; x_wconf 79' lang='lat' dir='ltr'>summis</span> <span class='ocrx_word' id='word_1_368' title='bbox 1010 2845 1059 2876; x_wconf 83' lang='lat' dir='ltr'>vel</span> 
     </span>
     <span class='ocr_line' id='line_1_49' title="bbox 228 2885 1059 2930; baseline -0.002 -11"><span class='ocrx_word' id='word_1_369' title='bbox 228 2885 407 2919; x_wconf 82' lang='lat' dir='ltr'>differentiis</span> <span class='ocrx_word' id='word_1_370' title='bbox 422 2900 490 2930; x_wconf 86' lang='lat' dir='ltr'>quae</span> <span class='ocrx_word' id='word_1_371' title='bbox 505 2895 578 2920; x_wconf 88' lang='lat' dir='ltr'>sunt</span> <span class='ocrx_word' id='word_1_372' title='bbox 598 2889 775 2929; x_wconf 79' lang='lat' dir='ltr'>respectivae</span> <span class='ocrx_word' id='word_1_373' title='bbox 795 2897 960 2928; x_wconf 80' lang='lat' dir='ltr'>corporum</span> <span class='ocrx_word' id='word_1_374' title='bbox 974 2887 1059 2918; x_wconf 79' lang='lat' dir='ltr'>velo-</span> 
     </span>
     <span class='ocr_line' id='line_1_50' title="bbox 228 2929 1058 2973; baseline -0.001 -11"><span class='ocrx_word' id='word_1_375' title='bbox 228 2931 343 2967; x_wconf 75' lang='lat' dir='ltr'>citates,</span> <span class='ocrx_word' id='word_1_376' title='bbox 367 2932 509 2961; x_wconf 87' lang='lat' dir='ltr'>oriuntur</span> <span class='ocrx_word' id='word_1_377' title='bbox 534 2941 714 2973; x_wconf 61' lang='lat' dir='ltr'>congressus</span> <span class='ocrx_word' id='word_1_378' title='bbox 737 2936 769 2961; x_wconf 87' lang='lat' dir='ltr'>et</span> <span class='ocrx_word' id='word_1_379' title='bbox 796 2929 876 2961; x_wconf 70' lang='lat' dir='ltr'>ictus</span> <span class='ocrx_word' id='word_1_380' title='bbox 893 2930 1058 2970; x_wconf 77' lang='lat' dir='ltr'>magnitu-</span> 
     </span>
    </p>
   </div>
   <div class='ocr_carea' id='block_1_10' title="bbox 1096 1574 1985 2296">
    <p class='ocr_par' dir='ltr' id='par_1_13' title="bbox 1096 1574 1985 2031">
     <span class='ocr_line' id='line_1_51' title="bbox 1100 1574 1985 1618; baseline 0.001 -13"><span class='ocrx_word' id='word_1_381' title='bbox 1100 1584 1157 1614; x_wconf 85' lang='lat' dir='ltr'>per</span> <span class='ocrx_word' id='word_1_382' title='bbox 1170 1575 1269 1606; x_wconf 86' lang='lat' dir='ltr'>solam</span> <span class='ocrx_word' id='word_1_383' title='bbox 1282 1574 1483 1606; x_wconf 84' lang='lat' dir='ltr'>velocitatum</span> <span class='ocrx_word' id='word_1_384' title='bbox 1497 1575 1703 1606; x_wconf 76' lang='lat' dir='ltr'>differentiam</span> <span class='ocrx_word' id='word_1_385' title='bbox 1720 1575 1747 1606; x_wconf 91' lang='lat' dir='ltr'>C</span> <span class='ocrx_word' id='word_1_386' title='bbox 1763 1576 1806 1618; x_wconf 71' lang='lat'>4</span> <span class='ocrx_word' id='word_1_387' title='bbox 1822 1585 1841 1606; x_wconf 85' lang='lat' dir='ltr'>c</span> <span class='ocrx_word' id='word_1_388' title='bbox 1854 1594 1899 1601; x_wconf 94' lang='lat'>—</span> <span class='ocrx_word' id='word_1_389' title='bbox 1908 1586 1935 1613; x_wconf 86' lang='lat' dir='ltr'>c,</span> <span class='ocrx_word' id='word_1_390' title='bbox 1981 1590 1985 1594; x_wconf 87' lang='lat'><em>-</em></span> 
     </span>
     <span class='ocr_line' id='line_1_52' title="bbox 1102 1617 1937 1656; baseline 0 -8"><span class='ocrx_word' id='word_1_391' title='bbox 1102 1627 1157 1648; x_wconf 87' lang='lat' dir='ltr'>seu</span> <span class='ocrx_word' id='word_1_392' title='bbox 1176 1618 1218 1655; x_wconf 87' lang='lat' dir='ltr'>C;</span> <span class='ocrx_word' id='word_1_393' title='bbox 1241 1619 1309 1647; x_wconf 85' lang='lat' dir='ltr'>haec</span> <span class='ocrx_word' id='word_1_394' title='bbox 1333 1624 1440 1648; x_wconf 86' lang='lat' dir='ltr'>autem</span> <span class='ocrx_word' id='word_1_395' title='bbox 1461 1617 1634 1648; x_wconf 84' lang='lat' dir='ltr'>differentia</span> <span class='ocrx_word' id='word_1_396' title='bbox 1648 1623 1694 1648; x_wconf 88' lang='lat' dir='ltr'>est</span> <span class='ocrx_word' id='word_1_397' title='bbox 1708 1618 1838 1656; x_wconf 85' lang='lat' dir='ltr'>ipsamet</span> <span class='ocrx_word' id='word_1_398' title='bbox 1853 1618 1937 1649; x_wconf 85' lang='lat' dir='ltr'>velo-</span> 
     </span>
     <span class='ocr_line' id='line_1_53' title="bbox 1103 1659 1935 1702; baseline 0.002 -12"><span class='ocrx_word' id='word_1_399' title='bbox 1103 1659 1178 1690; x_wconf 88' lang='lat' dir='ltr'>citas</span> <span class='ocrx_word' id='word_1_400' title='bbox 1192 1659 1255 1700; x_wconf 68' lang='lat' dir='ltr'>qua</span> <span class='ocrx_word' id='word_1_401' title='bbox 1268 1670 1381 1699; x_wconf 83' lang='lat' dir='ltr'>corpus</span> <span class='ocrx_word' id='word_1_402' title='bbox 1397 1661 1445 1697; x_wconf 90' lang='lat' dir='ltr'>M,</span> <span class='ocrx_word' id='word_1_403' title='bbox 1469 1660 1502 1689; x_wconf 90' lang='lat' dir='ltr'>in</span> <span class='ocrx_word' id='word_1_404' title='bbox 1517 1659 1604 1690; x_wconf 88' lang='lat' dir='ltr'>aliud</span> <span class='ocrx_word' id='word_1_405' title='bbox 1618 1670 1660 1695; x_wconf 90' lang='lat' dir='ltr'>m,</span> <span class='ocrx_word' id='word_1_406' title='bbox 1685 1660 1846 1700; x_wconf 85' lang='lat' dir='ltr'>quiescens</span> <span class='ocrx_word' id='word_1_407' title='bbox 1860 1661 1935 1702; x_wconf 79' lang='lat' dir='ltr'>agit.</span> 
     </span>
     <span class='ocr_line' id='line_1_54' title="bbox 1101 1700 1938 1743; baseline 0.002 -11"><span class='ocrx_word' id='word_1_408' title='bbox 1101 1700 1207 1732; x_wconf 88' lang='lat' dir='ltr'>Iidem</span> <span class='ocrx_word' id='word_1_409' title='bbox 1229 1702 1303 1743; x_wconf 74' lang='lat' dir='ltr'>ergo</span> <span class='ocrx_word' id='word_1_410' title='bbox 1325 1708 1416 1732; x_wconf 88' lang='lat' dir='ltr'>erunt</span> <span class='ocrx_word' id='word_1_411' title='bbox 1431 1711 1612 1742; x_wconf 63' lang='lat' dir='ltr'>congressus</span> <span class='ocrx_word' id='word_1_412' title='bbox 1632 1712 1668 1732; x_wconf 85' lang='lat' dir='ltr'>ac</span> <span class='ocrx_word' id='word_1_413' title='bbox 1682 1701 1812 1741; x_wconf 63' lang='lat' dir='ltr'>proinde</span> <span class='ocrx_word' id='word_1_414' title='bbox 1834 1713 1938 1743; x_wconf 67' lang='lat' dir='ltr'>aequa-</span> 
     </span>
     <span class='ocr_line' id='line_1_55' title="bbox 1100 1744 1940 1787; baseline 0 -12"><span class='ocrx_word' id='word_1_415' title='bbox 1100 1744 1146 1775; x_wconf 87' lang='lat' dir='ltr'>les</span> <span class='ocrx_word' id='word_1_416' title='bbox 1160 1755 1383 1786; x_wconf 85' lang='lat' dir='ltr'>congressuum</span> <span class='ocrx_word' id='word_1_417' title='bbox 1403 1744 1532 1775; x_wconf 79' lang='lat' dir='ltr'>effectus</span> <span class='ocrx_word' id='word_1_418' title='bbox 1554 1745 1589 1775; x_wconf 93' lang='lat' dir='ltr'>in</span> <span class='ocrx_word' id='word_1_419' title='bbox 1613 1750 1746 1785; x_wconf 87' lang='lat' dir='ltr'>utroque</span> <span class='ocrx_word' id='word_1_420' title='bbox 1769 1755 1843 1775; x_wconf 87' lang='lat' dir='ltr'>casu</span> <span class='ocrx_word' id='word_1_421' title='bbox 1869 1749 1940 1787; x_wconf 86' lang='lat' dir='ltr'>(per</span> 
     </span>
     <span class='ocr_line' id='line_1_56' title="bbox 1103 1787 1941 1828; baseline 0.001 -10"><span class='ocrx_word' id='word_1_422' title='bbox 1103 1789 1158 1828; x_wconf 83' lang='lat' dir='ltr'>leg.</span> <span class='ocrx_word' id='word_1_423' title='bbox 1178 1787 1231 1827; x_wconf 81' lang='grc'><strong>2.),</strong></span> <span class='ocrx_word' id='word_1_424' title='bbox 1249 1793 1280 1818; x_wconf 86' lang='lat' dir='ltr'>et</span> <span class='ocrx_word' id='word_1_425' title='bbox 1303 1793 1463 1827; x_wconf 89' lang='lat' dir='ltr'>propterea</span> <span class='ocrx_word' id='word_1_426' title='bbox 1476 1788 1648 1818; x_wconf 86' lang='lat' dir='ltr'>manebunt</span> <span class='ocrx_word' id='word_1_427' title='bbox 1662 1793 1766 1817; x_wconf 82' lang='lat' dir='ltr'>motus</span> <span class='ocrx_word' id='word_1_428' title='bbox 1779 1787 1941 1827; x_wconf 64' lang='lat' dir='ltr'>respectivi</span> 
     </span>
     <span class='ocr_line' id='line_1_57' title="bbox 1096 1829 1932 1870; baseline 0.001 -11"><span class='ocrx_word' id='word_1_429' title='bbox 1096 1829 1130 1859; x_wconf 93' lang='lat' dir='ltr'>in</span> <span class='ocrx_word' id='word_1_430' title='bbox 1144 1840 1209 1860; x_wconf 90' lang='lat' dir='ltr'>uno</span> <span class='ocrx_word' id='word_1_431' title='bbox 1224 1840 1297 1860; x_wconf 89' lang='lat' dir='ltr'>casu</span> <span class='ocrx_word' id='word_1_432' title='bbox 1311 1830 1444 1870; x_wconf 85' lang='lat' dir='ltr'>aequales</span> <span class='ocrx_word' id='word_1_433' title='bbox 1468 1830 1604 1860; x_wconf 84' lang='lat' dir='ltr'>motibus</span> <span class='ocrx_word' id='word_1_434' title='bbox 1626 1829 1802 1868; x_wconf 85' lang='lat' dir='ltr'>respectivis</span> <span class='ocrx_word' id='word_1_435' title='bbox 1823 1839 1932 1870; x_wconf 85' lang='lat' dir='ltr'>corpo-</span> 
     </span>
     <span class='ocr_line' id='line_1_58' title="bbox 1100 1872 1938 1910; baseline 0.001 -7"><span class='ocrx_word' id='word_1_436' title='bbox 1100 1882 1172 1903; x_wconf 90' lang='lat' dir='ltr'>rum</span> <span class='ocrx_word' id='word_1_437' title='bbox 1196 1873 1231 1902; x_wconf 91' lang='lat' dir='ltr'>in</span> <span class='ocrx_word' id='word_1_438' title='bbox 1253 1872 1368 1910; x_wconf 86' lang='lat' dir='ltr'>altero;</span> <span class='ocrx_word' id='word_1_439' title='bbox 1392 1872 1418 1902; x_wconf 88' lang='lat' dir='ltr'>si</span> <span class='ocrx_word' id='word_1_440' title='bbox 1442 1878 1548 1902; x_wconf 81' lang='lat' dir='ltr'>autem</span> <span class='ocrx_word' id='word_1_441' title='bbox 1568 1878 1673 1902; x_wconf 86' lang='lat' dir='ltr'>motus</span> <span class='ocrx_word' id='word_1_442' title='bbox 1694 1872 1852 1903; x_wconf 87' lang='lat' dir='ltr'>circularis</span> <span class='ocrx_word' id='word_1_443' title='bbox 1865 1873 1938 1904; x_wconf 82' lang='lat' dir='ltr'>navi</span> 
     </span>
     <span class='ocr_line' id='line_1_59' title="bbox 1100 1913 1936 1956; baseline 0.002 -12"><span class='ocrx_word' id='word_1_444' title='bbox 1100 1913 1340 1954; x_wconf 75' lang='lat' dir='ltr'>imprimeretur,</span> <span class='ocrx_word' id='word_1_445' title='bbox 1359 1917 1493 1954; x_wconf 86' lang='lat' dir='ltr'>corpora,</span> <span class='ocrx_word' id='word_1_446' title='bbox 1511 1921 1635 1954; x_wconf 86' lang='lat' dir='ltr'>propter</span> <span class='ocrx_word' id='word_1_447' title='bbox 1649 1914 1712 1944; x_wconf 86' lang='lat' dir='ltr'>vim</span> <span class='ocrx_word' id='word_1_448' title='bbox 1727 1914 1936 1956; x_wconf 79' lang='lat' dir='ltr'>centrifugam</span> 
     </span>
     <span class='ocr_line' id='line_1_60' title="bbox 1104 1956 1938 1998; baseline 0.001 -11"><span class='ocrx_word' id='word_1_449' title='bbox 1104 1958 1174 1998; x_wconf 90' lang='lat'>(18)</span> <span class='ocrx_word' id='word_1_450' title='bbox 1190 1958 1223 1987; x_wconf 88' lang='lat' dir='ltr'>in</span> <span class='ocrx_word' id='word_1_451' title='bbox 1237 1957 1334 1989; x_wconf 85' lang='lat' dir='ltr'>varias</span> <span class='ocrx_word' id='word_1_452' title='bbox 1348 1962 1449 1996; x_wconf 86' lang='lat' dir='ltr'>partes</span> <span class='ocrx_word' id='word_1_453' title='bbox 1463 1967 1537 1987; x_wconf 89' lang='lat' dir='ltr'>cum</span> <span class='ocrx_word' id='word_1_454' title='bbox 1551 1956 1633 1988; x_wconf 70' lang='lat' dir='ltr'>varia</span> <span class='ocrx_word' id='word_1_455' title='bbox 1641 1956 1801 1988; x_wconf 83' lang='lat' dir='ltr'>velocitate</span> <span class='ocrx_word' id='word_1_456' title='bbox 1814 1957 1938 1997; x_wconf 75' lang='lat' dir='ltr'>propel-</span> 
     </span>
     <span class='ocr_line' id='line_1_61' title="bbox 1102 1997 1349 2031; baseline 0.012 -2"><span class='ocrx_word' id='word_1_457' title='bbox 1102 2000 1249 2031; x_wconf 84' lang='lat' dir='ltr'>lerentur.</span> <span class='ocrx_word' id='word_1_458' title='bbox 1345 1997 1349 2001; x_wconf 76' lang='grc'><strong>’</strong></span> 
     </span>
    </p>

    <p class='ocr_par' dir='ltr' id='par_1_14' title="bbox 1100 2040 1939 2296">
     <span class='ocr_line' id='line_1_62' title="bbox 1145 2040 1939 2084; baseline -0.005 -10"><span class='ocrx_word' id='word_1_459' title='bbox 1145 2043 1190 2084; x_wconf 72' lang='lat'>(³)</span> <span class='ocrx_word' id='word_1_460' title='bbox 1216 2045 1266 2075; x_wconf 86' lang='lat'>75.</span> <span class='ocrx_word' id='word_1_461' title='bbox 1291 2042 1349 2073; x_wconf 88' lang='lat' dir='ltr'>Vis</span> <span class='ocrx_word' id='word_1_462' title='bbox 1371 2041 1567 2073; x_wconf 81' lang='lat' dir='ltr'>acceleratrix</span> <span class='ocrx_word' id='word_1_463' title='bbox 1593 2040 1760 2083; x_wconf 49' lang='lat' dir='ltr'>gravitatis</span> <span class='ocrx_word' id='word_1_464' title='bbox 1783 2040 1846 2083; x_wconf 65' lang='lat' dir='ltr'>qua</span> <span class='ocrx_word' id='word_1_465' title='bbox 1869 2051 1939 2073; x_wconf 82' lang='lat' dir='ltr'>cor.</span> 
     </span>
     <span class='ocr_line' id='line_1_63' title="bbox 1100 2083 1938 2125; baseline 0.001 -11"><span class='ocrx_word' id='word_1_466' title='bbox 1100 2095 1160 2123; x_wconf 85' lang='lat' dir='ltr'>pus</span> <span class='ocrx_word' id='word_1_467' title='bbox 1188 2085 1222 2115; x_wconf 89' lang='lat' dir='ltr'>in</span> <span class='ocrx_word' id='word_1_468' title='bbox 1250 2085 1344 2124; x_wconf 87' lang='lat' dir='ltr'>plano</span> <span class='ocrx_word' id='word_1_469' title='bbox 1373 2084 1413 2115; x_wconf 83' lang='lat' dir='ltr'>ad</span> <span class='ocrx_word' id='word_1_470' title='bbox 1440 2084 1631 2114; x_wconf 74' lang='lat' dir='ltr'>horizontem</span> <span class='ocrx_word' id='word_1_471' title='bbox 1666 2083 1815 2115; x_wconf 85' lang='lat' dir='ltr'>inclinato</span> <span class='ocrx_word' id='word_1_472' title='bbox 1846 2083 1938 2125; x_wconf 62' lang='lat' dir='ltr'>juxti</span> 
     </span>
     <span class='ocr_line' id='line_1_64' title="bbox 1101 2126 1920 2167; baseline -0.002 -9"><span class='ocrx_word' id='word_1_473' title='bbox 1101 2127 1187 2167; x_wconf 85' lang='lat' dir='ltr'>plani</span> <span class='ocrx_word' id='word_1_474' title='bbox 1202 2127 1402 2158; x_wconf 84' lang='lat' dir='ltr'>directionem</span> <span class='ocrx_word' id='word_1_475' title='bbox 1417 2132 1555 2167; x_wconf 89' lang='lat' dir='ltr'>urgetur,</span> <span class='ocrx_word' id='word_1_476' title='bbox 1580 2132 1625 2157; x_wconf 88' lang='lat' dir='ltr'>est</span> <span class='ocrx_word' id='word_1_477' title='bbox 1646 2126 1685 2166; x_wconf 78' lang='lat' dir='ltr'>ad</span> <span class='ocrx_word' id='word_1_478' title='bbox 1700 2126 1764 2156; x_wconf 90' lang='lat' dir='ltr'>vim</span> <span class='ocrx_word' id='word_1_479' title='bbox 1855 2127 1863 2134; x_wconf 86' lang='lat'><strong>’</strong></span> <span class='ocrx_word' id='word_1_480' title='bbox 1911 2127 1920 2134; x_wconf 83' lang='lat'><em>&#39;</em></span> 
     </span>
     <span class='ocr_line' id='line_1_65' title="bbox 1103 2168 1938 2210; baseline 0 -9"><span class='ocrx_word' id='word_1_481' title='bbox 1103 2170 1345 2201; x_wconf 87' lang='lat' dir='ltr'>acceleratricem</span> <span class='ocrx_word' id='word_1_482' title='bbox 1368 2169 1430 2210; x_wconf 78' lang='lat' dir='ltr'>quii</span> <span class='ocrx_word' id='word_1_483' title='bbox 1451 2168 1624 2200; x_wconf 83' lang='lat' dir='ltr'>secundum</span> <span class='ocrx_word' id='word_1_484' title='bbox 1639 2168 1840 2200; x_wconf 82' lang='lat' dir='ltr'>directionem</span> <span class='ocrx_word' id='word_1_485' title='bbox 1853 2169 1938 2201; x_wconf 77' lang='lat' dir='ltr'>hon·-</span> 
     </span>
     <span class='ocr_line' id='line_1_66' title="bbox 1100 2210 1937 2254; baseline 0 -10"><span class='ocrx_word' id='word_1_486' title='bbox 1100 2213 1183 2244; x_wconf 84' lang='lat' dir='ltr'>zonti</span> <span class='ocrx_word' id='word_1_487' title='bbox 1207 2211 1495 2254; x_wconf 82' lang='lat' dir='ltr'>perpendicularem</span> <span class='ocrx_word' id='word_1_488' title='bbox 1522 2210 1715 2248; x_wconf 74' lang='lat' dir='ltr'>sollicitatur,</span> <span class='ocrx_word' id='word_1_489' title='bbox 1738 2216 1776 2242; x_wconf 86' lang='lat' dir='ltr'>ut</span> <span class='ocrx_word' id='word_1_490' title='bbox 1803 2210 1937 2244; x_wconf 64' lang='lat' dir='ltr'>amando</span> 
     </span>
     <span class='ocr_line' id='line_1_67' title="bbox 1101 2252 1933 2296; baseline 0 -10"><span class='ocrx_word' id='word_1_491' title='bbox 1101 2256 1185 2296; x_wconf 74' lang='lat' dir='ltr'>plani</span> <span class='ocrx_word' id='word_1_492' title='bbox 1210 2254 1250 2286; x_wconf 84' lang='lat' dir='ltr'>ad</span> <span class='ocrx_word' id='word_1_493' title='bbox 1274 2254 1371 2294; x_wconf 77' lang='lat' dir='ltr'>ipsius</span> <span class='ocrx_word' id='word_1_494' title='bbox 1399 2252 1628 2295; x_wconf 78' lang='lat' dir='ltr'>longitudinem</span> <span class='ocrx_word' id='word_1_495' title='bbox 1641 2274 1652 2285; x_wconf 83' lang='grc'><strong>.</strong></span> <span class='ocrx_word' id='word_1_496' title='bbox 1665 2276 1673 2285; x_wconf 92' lang='grc'><em>.</em></span> <span class='ocrx_word' id='word_1_497' title='bbox 1687 2274 1700 2285; x_wconf 85' lang='grc'><strong>.</strong></span> <span class='ocrx_word' id='word_1_498' title='bbox 1718 2272 1727 2281; x_wconf 87' lang='grc'>-</span> <span class='ocrx_word' id='word_1_499' title='bbox 1741 2255 1828 2286; x_wconf 85' lang='lat' dir='ltr'>Dem</span> <span class='ocrx_word' id='word_1_500' title='bbox 1843 2273 1853 2282; x_wconf 82' lang='lat'><strong>·</strong></span> <span class='ocrx_word' id='word_1_501' title='bbox 1870 2273 1879 2281; x_wconf 90' lang='lat'>-</span> <span class='ocrx_word' id='word_1_502' title='bbox 1895 2275 1904 2285; x_wconf 90' lang='lat'><strong>.</strong></span> <span class='ocrx_word' id='word_1_503' title='bbox 1923 2275 1933 2286; x_wconf 86' lang='lat'>.</span> 
     </span>
    </p>
   </div>
   <div class='ocr_carea' id='block_1_11' title="bbox 1089 2336 1932 2964">
    <p class='ocr_par' dir='ltr' id='par_1_15' title="bbox 1089 2336 1932 2964">
     <span class='ocr_line' id='line_1_68' title="bbox 1089 2336 1932 2964; baseline 0 578"><span class='ocrx_word' id='word_1_504' title='bbox 1089 2336 1932 2964; x_wconf 95' lang='lat' dir='ltr'> </span> 
     </span>
    </p>
   </div>
   <div class='ocr_carea' id='block_1_12' title="bbox 228 2967 1478 3013">
    <p class='ocr_par' dir='ltr' id='par_1_16' title="bbox 228 2967 1478 3013">
     <span class='ocr_line' id='line_1_69' title="bbox 228 2967 1478 3013; baseline -0.003 -9"><span class='ocrx_word' id='word_1_505' title='bbox 228 2973 315 3004; x_wconf 85' lang='lat' dir='ltr'>dines</span> <span class='ocrx_word' id='word_1_506' title='bbox 338 2975 449 3013; x_wconf 86' lang='lat' dir='ltr'>quibus</span> <span class='ocrx_word' id='word_1_507' title='bbox 464 2983 590 3012; x_wconf 82' lang='lat' dir='ltr'>corpora</span> <span class='ocrx_word' id='word_1_508' title='bbox 609 2985 640 3004; x_wconf 87' lang='lat' dir='ltr'>se</span> <span class='ocrx_word' id='word_1_509' title='bbox 665 2972 777 3004; x_wconf 70' lang='lat' dir='ltr'>mutuo</span> <span class='ocrx_word' id='word_1_510' title='bbox 791 2972 921 3010; x_wconf 76' lang='lat' dir='ltr'>feriunt3</span> <span class='ocrx_word' id='word_1_511' title='bbox 944 2982 1017 3002; x_wconf 82' lang='lat' dir='ltr'>nam</span> <span class='ocrx_word' id='word_1_512' title='bbox 1032 2972 1060 3002; x_wconf 87' lang='lat' dir='ltr'>si</span> <span class='ocrx_word' id='word_1_513' title='bbox 1087 2967 1128 3011; x_wconf 74' lang='lat' dir='ltr'>C</span> <span class='ocrx_word' id='word_1_514' title='bbox 1450 2967 1478 3001; x_wconf 76' lang='lat' dir='ltr'><strong><em>G</em></strong></span> 
     </span>
    </p>
   </div>
   <div class='ocr_carea' id='block_1_13' title="bbox 164 3014 1062 3056">
    <p class='ocr_par' dir='ltr' id='par_1_17' title="bbox 164 3014 1062 3056">
     <span class='ocr_line' id='line_1_70' title="bbox 164 3014 1062 3056; baseline -0.002 -10"><span class='ocrx_word' id='word_1_515' title='bbox 164 3023 169 3027; x_wconf 88' lang='grc'><em>·</em></span> <span class='ocrx_word' id='word_1_516' title='bbox 228 3025 339 3055; x_wconf 86' lang='lat' dir='ltr'>corpus</span> <span class='ocrx_word' id='word_1_517' title='bbox 362 3015 488 3056; x_wconf 85' lang='lat' dir='ltr'>aliquod</span> <span class='ocrx_word' id='word_1_518' title='bbox 515 3016 561 3052; x_wconf 87' lang='lat' dir='ltr'>M,</span> <span class='ocrx_word' id='word_1_519' title='bbox 589 3017 749 3046; x_wconf 64' lang='lat' dir='ltr'>velocitate</span> <span class='ocrx_word' id='word_1_520' title='bbox 767 3016 801 3052; x_wconf 87' lang='lat' dir='ltr'>C,</span> <span class='ocrx_word' id='word_1_521' title='bbox 819 3016 852 3045; x_wconf 91' lang='lat' dir='ltr'>in</span> <span class='ocrx_word' id='word_1_522' title='bbox 867 3025 977 3055; x_wconf 83' lang='lat' dir='ltr'>corpus</span> <span class='ocrx_word' id='word_1_523' title='bbox 991 3014 1062 3055; x_wconf 89' lang='lat' dir='ltr'>qui-</span> 
     </span>
    </p>
   </div>
   <div class='ocr_carea' id='block_1_14' title="bbox 227 3057 1067 3228">
    <p class='ocr_par' dir='ltr' id='par_1_18' title="bbox 227 3057 1067 3228">
     <span class='ocr_line' id='line_1_71' title="bbox 228 3057 1067 3093; baseline -0.002 -4"><span class='ocrx_word' id='word_1_524' title='bbox 228 3067 333 3089; x_wconf 84' lang='lat' dir='ltr'>escens</span> <span class='ocrx_word' id='word_1_525' title='bbox 354 3068 397 3093; x_wconf 81' lang='lat' dir='ltr'>m,</span> <span class='ocrx_word' id='word_1_526' title='bbox 420 3059 564 3093; x_wconf 87' lang='lat' dir='ltr'>incurrat,</span> <span class='ocrx_word' id='word_1_527' title='bbox 588 3059 696 3088; x_wconf 86' lang='lat' dir='ltr'>eadem</span> <span class='ocrx_word' id='word_1_528' title='bbox 721 3063 767 3088; x_wconf 90' lang='lat' dir='ltr'>est</span> <span class='ocrx_word' id='word_1_529' title='bbox 787 3057 865 3088; x_wconf 76' lang='lat' dir='ltr'>ictsss</span> <span class='ocrx_word' id='word_1_530' title='bbox 975 3057 1067 3087; x_wconf 83' lang='lat' dir='ltr'>itudo</span> 
     </span>
     <span class='ocr_line' id='line_1_72' title="bbox 227 3099 1058 3141; baseline -0.004 -9"><span class='ocrx_word' id='word_1_531' title='bbox 227 3111 263 3132; x_wconf 86' lang='lat' dir='ltr'>ac</span> <span class='ocrx_word' id='word_1_532' title='bbox 277 3101 303 3131; x_wconf 89' lang='lat' dir='ltr'>si</span> <span class='ocrx_word' id='word_1_533' title='bbox 317 3100 441 3141; x_wconf 84' lang='lat' dir='ltr'>utrique</span> <span class='ocrx_word' id='word_1_534' title='bbox 455 3100 574 3138; x_wconf 84' lang='lat' dir='ltr'>corpori</span> <span class='ocrx_word' id='word_1_535' title='bbox 587 3110 667 3130; x_wconf 88' lang='lat' dir='ltr'>nova</span> <span class='ocrx_word' id='word_1_536' title='bbox 680 3100 824 3133; x_wconf 76' lang='lat' dir='ltr'>velocitas</span> <span class='ocrx_word' id='word_1_537' title='bbox 837 3110 862 3137; x_wconf 86' lang='lat' dir='ltr'>c,</span> <span class='ocrx_word' id='word_1_538' title='bbox 879 3099 913 3130; x_wconf 82' lang='lat' dir='ltr'>in</span> <span class='ocrx_word' id='word_1_539' title='bbox 927 3099 1058 3130; x_wconf 85' lang='lat' dir='ltr'>eandem</span> 
     </span>
     <span class='ocr_line' id='line_1_73' title="bbox 227 3141 1055 3184; baseline -0.002 -10"><span class='ocrx_word' id='word_1_540' title='bbox 227 3150 346 3183; x_wconf 85' lang='lat' dir='ltr'>partem</span> <span class='ocrx_word' id='word_1_541' title='bbox 360 3141 526 3177; x_wconf 81' lang='lat' dir='ltr'>accederet,</span> <span class='ocrx_word' id='word_1_542' title='bbox 550 3148 585 3184; x_wconf 44' lang='lat' dir='ltr'>et·</span> <span class='ocrx_word' id='word_1_543' title='bbox 603 3152 714 3181; x_wconf 89' lang='lat' dir='ltr'>corpus</span> <span class='ocrx_word' id='word_1_544' title='bbox 738 3143 785 3178; x_wconf 88' lang='grc' dir='ltr'>Μ,</span> <span class='ocrx_word' id='word_1_545' title='bbox 798 3151 882 3173; x_wconf 86' lang='lat' dir='ltr'>¹cum</span> <span class='ocrx_word' id='word_1_546' title='bbox 896 3142 1055 3172; x_wconf 80' lang='lat' dir='ltr'>velocitate</span> 
     </span>
     <span class='ocr_line' id='line_1_74' title="bbox 230 3184 1058 3228; baseline -0.004 -11"><span class='ocrx_word' id='word_1_547' title='bbox 230 3186 256 3217; x_wconf 93' lang='lat' dir='ltr'>C</span> <span class='ocrx_word' id='word_1_548' title='bbox 273 3186 316 3228; x_wconf 77' lang='grc' dir='ltr'>-Ι-</span> <span class='ocrx_word' id='word_1_549' title='bbox 333 3195 359 3223; x_wconf 89' lang='lat' dir='ltr'>c,</span> <span class='ocrx_word' id='word_1_550' title='bbox 382 3186 416 3216; x_wconf 82' lang='lat' dir='ltr'>in</span> <span class='ocrx_word' id='word_1_551' title='bbox 440 3194 552 3224; x_wconf 86' lang='lat' dir='ltr'>corpus</span> <span class='ocrx_word' id='word_1_552' title='bbox 565 3194 608 3222; x_wconf 81' lang='lat' dir='ltr'>m,</span> <span class='ocrx_word' id='word_1_553' title='bbox 631 3184 789 3215; x_wconf 80' lang='lat' dir='ltr'>velocitate</span> <span class='ocrx_word' id='word_1_554' title='bbox 812 3195 839 3223; x_wconf 90' lang='lat' dir='ltr'>c,</span> <span class='ocrx_word' id='word_1_555' title='bbox 863 3191 985 3216; x_wconf 86' lang='lat' dir='ltr'>motum</span> <span class='ocrx_word' id='word_1_556' title='bbox 998 3184 1058 3214; x_wconf 86' lang='lat' dir='ltr'>im-</span> 
     </span>
    </p>
   </div>
   <div class='ocr_carea' id='block_1_15' title="bbox 1097 3097 1938 3223">
    <p class='ocr_par' dir='ltr' id='par_1_19' title="bbox 1097 3097 1938 3223">
     <span class='ocr_line' id='line_1_75' title="bbox 1103 3097 1937 3137; baseline -0.002 -7"><span class='ocrx_word' id='word_1_557' title='bbox 1103 3098 1224 3130; x_wconf 84' lang='lat' dir='ltr'>Globus</span> <span class='ocrx_word' id='word_1_558' title='bbox 1256 3098 1295 3134; x_wconf 91' lang='lat' dir='ltr'>G,</span> <span class='ocrx_word' id='word_1_559' title='bbox 1318 3098 1414 3137; x_wconf 85' lang='lat' dir='ltr'>plano</span> <span class='ocrx_word' id='word_1_560' title='bbox 1444 3097 1476 3128; x_wconf 88' lang='lat' dir='ltr'>A</span> <span class='ocrx_word' id='word_1_561' title='bbox 1505 3097 1543 3133; x_wconf 84' lang='lat' dir='ltr'>C,</span> <span class='ocrx_word' id='word_1_562' title='bbox 1566 3097 1607 3129; x_wconf 86' lang='lat' dir='ltr'>ad</span> <span class='ocrx_word' id='word_1_563' title='bbox 1631 3097 1824 3129; x_wconf 67' lang='lat' dir='ltr'>horizontem</span> <span class='ocrx_word' id='word_1_564' title='bbox 1850 3097 1880 3128; x_wconf 87' lang='lat' dir='ltr'>C</span> <span class='ocrx_word' id='word_1_565' title='bbox 1897 3097 1937 3132; x_wconf 83' lang='lat' dir='ltr'>B.</span> 
     </span>
     <span class='ocr_line' id='line_1_76' title="bbox 1097 3139 1938 3177; baseline -0.001 -5"><span class='ocrx_word' id='word_1_566' title='bbox 1097 3142 1244 3172; x_wconf 77' lang='lat' dir='ltr'>inclinato</span> <span class='ocrx_word' id='word_1_567' title='bbox 1262 3140 1437 3177; x_wconf 53' lang='lat' dir='ltr'>incumbam</span> <span class='ocrx_word' id='word_1_568' title='bbox 1460 3150 1498 3171; x_wconf 87' lang='lat' dir='ltr'>ex</span> <span class='ocrx_word' id='word_1_569' title='bbox 1517 3140 1559 3177; x_wconf 87' lang='lat' dir='ltr'>A,</span> <span class='ocrx_word' id='word_1_570' title='bbox 1581 3141 1623 3172; x_wconf 83' lang='lat' dir='ltr'>ad</span> <span class='ocrx_word' id='word_1_571' title='bbox 1638 3140 1828 3172; x_wconf 71' lang='lat' dir='ltr'>horizontem</span> <span class='ocrx_word' id='word_1_572' title='bbox 1845 3139 1873 3171; x_wconf 88' lang='lat' dir='ltr'>C</span> <span class='ocrx_word' id='word_1_573' title='bbox 1890 3139 1938 3171; x_wconf 74' lang='lat' dir='ltr'>Bt</span> 
     </span>
     <span class='ocr_line' id='line_1_77' title="bbox 1101 3182 1933 3223; baseline -0.001 -8"><span class='ocrx_word' id='word_1_574' title='bbox 1101 3183 1282 3215; x_wconf 79' lang='lat' dir='ltr'>demittatur</span> <span class='ocrx_word' id='word_1_575' title='bbox 1292 3182 1549 3223; x_wconf 83' lang='lat' dir='ltr'>perpendiculum</span> <span class='ocrx_word' id='word_1_576' title='bbox 1563 3183 1595 3215; x_wconf 80' lang='lat' dir='ltr'>A</span> <span class='ocrx_word' id='word_1_577' title='bbox 1613 3183 1652 3219; x_wconf 86' lang='lat' dir='ltr'>B,</span> <span class='ocrx_word' id='word_1_578' title='bbox 1669 3188 1702 3214; x_wconf 86' lang='lat' dir='ltr'>et</span> <span class='ocrx_word' id='word_1_579' title='bbox 1715 3192 1755 3214; x_wconf 81' lang='lat' dir='ltr'>ex</span> <span class='ocrx_word' id='word_1_580' title='bbox 1769 3187 1876 3215; x_wconf 74' lang='lat' dir='ltr'>centro</span> <span class='ocrx_word' id='word_1_581' title='bbox 1889 3182 1933 3220; x_wconf 89' lang='lat' dir='ltr'>D,</span> 
     </span>
    </p>
   </div>
  </div>
 </body>
</html>
