2086 3542
147 250 296 292 ann
317 250 532 302 Primus]

587 272 589 275 ·
619 248 943 292 PRINCIPIA
973 246 1471 291 MATHEMATICA.

1767 249 1844 286 131

144 365 376 420 peudicula,
398 364 478 412 erit
505 361 766 419 (per'Corolss
785 370 820 405 1.
844 361 1137 418 Prop.1XV1.)
1167 361 1274 403 latus
1303 356 1463 402 r'ectum
1493 360 1721 415 principale
1755 360 1850 402 coni

147 436 338 478 sectionis
357 434 412 476 ad
429 434 537 476 latus
556 441 715 476 rectum
736 425 963 489 principale
982 432 1129 474 orbitae
1147 431 1192 473 in
1211 431 1373 473 ratione
1392 429 1619 485 composita&
1641 445 1694 471 ex
1714 430 1850 485 dupli-

146 505 236 548 catae'i
261 505 419 548 ratione
432 505 822 561 perpendiculomm
844 513 887 546 et
905 502 1115 559 duplicata
1134 504 1295 545 ratione
1313 501 1591 552 velocitatum,
1614 508 1737 558 atque
1756 502 1850 543 ideo

143 1748 279 1799 ‹latur-
324 1757 374 1811 (“)
397 1756 460 1799 Sit
475 1755 514 1798 L
534 1755 628 1797 coni
643 1755 835 1798 sectionis
854 1755 961 1797 latus
981 1763 1151 1798 rectum.
1197 1756 1337 1798 Datur
1347 1764 1550 1812 praeterea
1564 1759 1748 1814 ejusdem
1762 1759 1858 1802 coni

145 1827 334 1869 sectionis
346 1827 561 1869 umbilicus
578 1827 620 1869 S.
652 1827 811 1884 Anguli
825 1826 866 1868 R
884 1827 921 1868 P
938 1827 968 1868 S
988 1827 1337 1882 complementum
1351 1827 1406 1869 ad
1425 1828 1528 1870 duos
1543 1838 1676 1871 rectos
1690 1831 1765 1873 fiat
1783 1846 1858 1873 an-

144 1898 265 1955 gulus
279 1899 319 1939 R
338 1897 372 1938 P
388 1897 436 1939 H
455 1914 467 1948 3
498 1905 539 1939 et
557 1897 723 1940 dabitur
736 1897 941 1952 positione
956 1897 1066 1938 linea
1082 1897 1118 1939 P
1135 1897 1197 1948 H,
1218 1897 1357 1962 in-qufi
1372 1899 1592 1942 umbilicus
1612 1901 1716 1942 alter
1732 1901 1780 1943 H
1795 1902 1860 1945 lo-

146 1976 275 2012 catur.
307 1969 504 2011 Demisso
518 1968 572 2010 ad
588 1968 624 2010 P
638 1969 686 2011 H
700 1968 998 2024 perpendiculo
1012 1970 1042 2011 S
1057 1969 1113 2021 K,
1131 1969 1234 2026 erigi
1246 1970 1498 2028 intelligatur
1512 1972 1703 2014 semiaxis
1718 1975 1859 2031 conju-

189 2148 235 2191 (“)
279 2153 350 2181 286.
393 2149 512 2180 Solutio
539 2151 634 2192 hujus
660 2151 857 2190 problematis
895 2152 973 2183 duas

147 2191 284 2223 continet
311 2197 432 2230 partes3
457 2193 504 2222 Sit
528 2193 611 2222 enim
631 2203 741 2233 corpus
754 2204 772 2224 e
795 2201 913 2234 puncto
944 2195 973 2226 P

147 2234 319 2265 secundum
332 2234 448 2264 lineam
461 2234 489 2264 P
507 2235 536 2265 R
552 2234 623 2265 dati
636 2246 710 2266 cum
727 2236 887 2268 velocitate
900 2247 973 2277 pro·

142 2276 308 2318 jectumet
330 2276 497 2307 retineam,-
517 2276 597 2307 circa
620 2284 772 2316 punctum
800 2279 821 2309 S
842 2280 974 2318 pervim

147 2317 348 2358 centripetam
388 2329 458 2358 quae
486 2319 525 2349 sit
559 2319 711 2358 reciproce
740 2318 974 2359 proportionalis

147 2360 296 2402 quadrato
316 2360 469 2391 distantiae
493 2362 632 2392 locorum
654 2373 673 2392 a
698 2369 803 2393 centro
826 2363 974 2404 cujusque

148 2403 301 2443 quantitas
325 2403 465 2434 absoluta
483 2403 515 2433 in
536 2410 652 2442 puncto
670 2404 698 2434 P
722 2405 763 2435 sit
786 2405 918 2445 cognita.
940 2405 974 2436 id

148 2454 259 2484 corpus
272 2445 421 2476 desmibet
437 2447 505 2488 (per
523 2444 594 2476 Cor.
607 2450 634 2477 1.
649 2447 740 2486 Prop.
758 2447 884 2487 XIII.)
909 2458 974 2478 sec-

146 2487 266 2518 tionem
294 2487 430 2528 aliquam
458 2489 598 2527 conicam
627 2489 717 2530 cujus
748 2489 795 2519 1⁰.
826 2490 973 2530 quaeritur

148 2529 230 2560 latus
257 2535 377 2560 rectum
404 2530 581 2570 principale,
605 2531 655 2562 20.
718 2531 803 2562 Dato
825 2532 973 2562 umbilico

151 2572 175 2603 S
192 2571 282 2606 illius
305 2572 455 2609 sectionis,
487 2579 603 2612 puncto
634 2574 671 2610 P,
702 2579 847 2614 tangente
878 2574 907 2604 P
931 2575 972 2611 R,

146 2619 181 2644 et
206 2614 302 2644 latere
327 2620 412 2645 recto
440 2616 586 2655 quaeritur
613 2616 690 2646 alter
714 2617 888 2652 umbilicus,
911 2627 974 2657 quo

148 2665 260 2695 nempe
279 2656 403 2687 invento
427 2662 459 2687 et
480 2667 519 2688 ex
533 2658 660 2688 ‘caeteris
682 2657 761 2689 datis
789 2659 975 2690 describetur

149 2698 242 2729 sectio
269 2698 378 2729 conica
409 2709 506 2740 quam
536 2710 647 2740 corpus
680 2701 870 2740 propositum
904 2711 974 2741 per-

148 2740 255 2771 cim-it.

195 2782 390 2822 Adprimam
402 2784 564 2815 solutionis
576 2791 704 2825 partem,
728 2785 856 2826 fingitur
880 2785 974 2817 sectio

149 2823 296 2864 qualibet
318 2826 425 2857 oonioe
449 2827 540 2867 cujus
562 2828 728 2858 umbilicus
742 2828 782 2858 sit
798 2829 829 2863 S,
845 2834 878 2859 et
897 2828 975 2858 alter

151 2865 315 2897 umbilicus
325 2873 356 2898 et
365 2867 446 2899 latus
455 2875 573 2899 rectum
581 2869 622 2900 ad
629 2870 787 2901 arbitrium
798 2876 973 2907 sumuntur,

151 2906 236 2938 unde
247 2907 283 2938 in
295 2910 403 2949 quovis
423 2912 490 2951 ejus
503 2918 620 2952 puncto
637 2913 665 2943 P
686 2913 759 2943 duci
781 2913 892 2952 poterit
905 2919 974 2943 tan-

151 2959 237 2990 gens,
260 2955 291 2980 et
304 2952 456 2990 quantitas
467 2954 514 2983 vis
526 2955 560 2984 in
574 2965 612 2985 eo
629 2961 745 2994 puncto
759 2955 817 2985 erit
840 2955 973 2996 cognita,

151 2997 199 3022 est
212 2991 296 3022 enim
309 2992 349 3022 ad
361 2994 425 3024 vim
437 2995 472 3024 in
491 3002 608 3034 puncto
619 2997 648 3027 P
661 3007 732 3037 quae
745 2997 817 3028 dam
829 3003 876 3028 eet
896 2997 977 3027 reci-

151 3033 696 3078 prooeutquadratalineammsp,
722 3039 980 3078 SP31nvenie-

1025 2158 1077 2183 tur
1090 2152 1184 2184 etiam
1206 2152 1350 2184 velocitas
1371 2152 1405 2184 in
1419 2163 1457 2184 eo
1469 2161 1587 2193 puncto
1597 2165 1639 2195 μς
1663 2156 1750 2187 Nam
1771 2159 1859 2189 velo-

1025 2195 1244 2234 oimscorporis
1265 2196 1403 2236 gyrantis
1422 2196 1456 2226 in
1484 2197 1654 2229 circuload
1681 2199 1858 2232 distantiam

1028 2238 1051 2268 S
1072 2248 1094 2276 p
1110 2237 1189 2279 (sive
1209 2247 1299 2268 arcus
1323 2238 1357 2268 in
1379 2249 1416 2269 eo
1441 2238 1612 2279 descriptus
1641 2246 1780 2281 tempore
1793 2253 1859 2283 quo

1025 2290 1114 2310 arcus
1131 2280 1160 2310 P
1177 2280 1210 2316 Q
1221 2280 1416 2320 describitur)
1432 2287 1479 2311 est
1497 2282 1600 2312 media
1621 2284 1859 2323 proportionalis

1024 2322 1106 2352 inter
1118 2321 1391 2361 vimoentfipetam
1409 2323 1443 2353 in
1456 2334 1487 2363 p,
1509 2334 1581 2364 quae
1601 2325 1726 2355 inventa
1747 2332 1802 2362 est,
1826 2334 1859 2359 et

1026 2363 1154 2403 duplam
1175 2364 1351 2394 distantiam
1375 2365 1397 2394 S
1420 2375 1442 2404 p
1465 2367 1534 2405 (per
1555 2372 1698 2397 naturam
1720 2368 1855 2409 circuli),
1870 2384 1878 2394 r

1025 2406 1092 2435 haec
1116 2404 1188 2436 vero
1216 2411 1262 2436 est
1289 2405 1330 2436 ad
1356 2406 1548 2437 velocitatem
1578 2408 1613 2437 in
1636 2408 1695 2439 hic
1722 2411 1857 2443 sectione

1028 2446 1144 2484 conici,
1166 2453 1203 2477 ut
1223 2447 1477 2486 perpendiculum
1499 2450 1538 2479 ab
1566 2450 1588 2479 S
1613 2450 1653 2480 ad
1675 2456 1855 2492 tangentem

1027 2499 1225 2520 communem
1230 2489 1398 2520 demissum
1405 2490 1446 2521 ad
1453 2490 1587 2521 mediam
1596 2494 1856 2531 proportionalem

1026 2532 1304 2563 interdistantiam
1330 2532 1855 2572 spetsemizsemlatefisrecti

1028 2574 1117 2605 istius
1131 2574 1283 2605 sectionis.
1839 2586 1842 2589 ·

1072 2617 1249 2659 Cum-ergo
1270 2619 1341 2658 (per
1362 2617 1437 2650 Cor,
1453 2621 1481 2648 1.
1503 2618 1723 2660 Pmp.xvl.)
1738 2623 1855 2654 Latera

1026 2665 1108 2690 recta
1142 2661 1328 2700 principalia
1362 2662 1528 2692 sectionum
1563 2661 1644 2694 circ&
1673 2665 1854 2697 umbilicum

1026 2713 1218 2733 communem
1229 2704 1446 2743 dem—iptorum
1456 2705 1515 2734 sint
1525 2705 1558 2735 in
1567 2707 1684 2736 ratione
1694 2707 1854 2747 composita

1023 2755 1061 2775 a·
1074 2744 1227 2784 duplicat&
1242 2747 1357 2776 racione
1365 2747 1687 2786 perpendimdommee
1701 2748 1855 2788 duplicata

1024 2789 1141 2818 ratione
1159 2789 1347 2818 velocitaeum
1369 2794 1399 2818 et
1421 2789 1462 2818 ob
1485 2788 1571 2819 datas
1595 2795 1756 2831 tangentes
1778 2791 1814 2822 in
1833 2802 1856 2832 p

1025 2828 1456 2868 ethenturper-pendicula
1477 2839 1514 2860 ex
1532 2831 1554 2860 S
1572 2830 1671 2862 inem
1694 2838 1856 2875 ungentes

1026 2871 1169 2908 demissa,
1192 2871 1344 2911 deturque
1367 2871 1511 2902 velocitas
1531 2874 1666 2912 corporis
1678 2876 1756 2906 moti
1774 2876 1810 2906 in
1826 2876 1855 2907 P

1026 2919 1058 2943 et
1078 2913 1203 2944 inventa
1217 2913 1256 2944 sit
1269 2913 1412 2944 velocitas
1424 2914 1459 2943 in
1482 2921 1599 2953 puncto
1611 2927 1643 2956 p,
1665 2917 1757 2949 datur
1776 2918 1855 2949 mtio

1027 2955 1131 2986 lateris
1153 2955 1230 2986 recti
1257 2956 1400 2986 sectionis
1430 2955 1596 2996 assump'tae
1619 2959 1660 2990 ad
1683 2960 1765 2991 latus
1788 2971 1855 2991 ree-

1028 3003 1098 3027 tum
1112 2998 1253 3028 sectionis
1275 3008 1369 3038 quam
1392 3008 1503 3038 eorpus
1519 2999 1548 3030 P
1571 3000 1734 3042 describit5
1760 3003 1856 3040 Quod

1028 3050 1104 3081 ergo
1117 3040 1281 3076 invenitur,
1305 3046 1430 3082 eratque
1442 3041 1588 3081 primum
