2086 3542
684 260 1134 311 PHILOSOPHIAE
1166 268 1528 312 NATURALIS
1615 268 1761 321 [Mor.
1780 268 1976 313 conpon.

263 271 345 309 322

541 440 921 484 PROPOSITIO
953 442 1096 484 LXV.
1157 440 1518 484 THEOREMA
1548 441 1698 483 XXV.

266 554 444 608 Corpora
454 554 594 608 plura,
616 569 774 609 quorum
794 556 896 596 vires
915 556 1133 597 decrescunt
1153 557 1194 597 in
1215 554 1416 610 duplicatd
1435 556 1590 596 ratione
1617 554 1893 596 distantiarum
1921 553 1974 596 ab

316 627 522 668 eorundem
541 628 697 678 centris,
719 628 865 668 moveri
878 641 991 680 posse
1011 628 1114 668 inter
1132 643 1171 668 se
1191 629 1231 668 in
1252 627 1470 680 ellipsibus,-
1502 633 1539 667 et
1558 628 1685 668 radiis
1704 628 1759 667 ad
1771 624 1968 668 umbilicos

317 697 442 738 ductis
461 712 576 738 areas
597 697 809 738 describere
829 697 1059 750 temporibus
1070 698 1388 750 proportionales
1408 711 1521 750 quam
1534 695 1725 750 proxime.

274 835 279 840 ·
318 811 370 853 In
389 811 674 867 propositione
695 810 908 865 superiore
928 809 1230 855 demonstratus
1251 817 1314 851 est
1333 824 1451 851 casus
1470 809 1543 852 ubi
1569 818 1705 852 motus
1733 810 1872 865 plures
1901 825 1976 867 pe-

258 893 461 942 raguntur
480 884 524 925 in
544 883 757 938 ellipsibus
778 881 981 924 accurate.
1044 882 1144 932 Quo
1163 882 1294 939 magis
1315 881 1470 923 recedit
1487 881 1556 922 lex
1576 881 1724 922 virium
1743 897 1768 922 a
1795 882 1888 939 lege
1915 881 1976 924 ibi

258 955 408 1010 posits,
438 970 489 996 eo
509 954 641 1008 magis
662 968 838 1008 corpora
856 952 1161 1008 perturbabunt
1182 962 1349 993 mutuos
1369 960 1532 1001 motus3
1563 965 1697 1008 neque
1715 952 1805 993 fieri
1824 959 1972 1007 potest,

256 1034 304 1067 ut
324 1039 512 1080 corpora,
535 1023 763 1066 secundum
783 1024 919 1080 legem
938 1023 1007 1064 hic
1026 1023 1203 1078 positam
1234 1038 1277 1064 se
1302 1031 1447 1064 mutuo
1481 1022 1697 1073 trahentia,
1734 1031 1975 1064 moveantur
2032 1042 2035 1045 ¹

259 1097 300 1136 in
321 1095 532 1150 ellipsibus
568 1094 771 1145 accurate,
805 1094 884 1135 nisi
919 1094 1121 1136 servando
1156 1103 1309 1136 certam
1343 1095 1656 1150 proportionem
1688 1094 1975 1136 distantiarum

257 1167 309 1208 ab
330 1166 519 1208 invicem.
583 1166 632 1208 In
656 1165 923 1222 sequentibus
945 1174 1083 1207 autem
1103 1166 1264 1208 casibus
1283 1180 1369 1207 non
1389 1165 1566 1207 multum
1586 1165 1639 1207 ab
1669 1165 1879 1222 ellipsibus
1908 1179 1974 1208 er-

258 1238 427 1280 rabitur.
1157 1289 1160 1291 Α

316 1311 406 1352 Cas.
443 1316 478 1352 1.
513 1310 629 1352 Pone
650 1324 826 1365 corpora
844 1310 965 1365 plura
983 1311 1146 1352 minora
1165 1311 1274 1356 circa
1294 1311 1523 1353 maximum
1555 1310 1723 1367 aliquod
1755 1310 1809 1352 ad
1839 1309 1972 1351 varias

255 1382 308 1423 ab
329 1396 380 1423 eo
398 1380 613 1424 distantias
634 1381 801 1432 revolvi,
824 1381 1076 1437 tendantque
1096 1382 1148 1424 ad
1181 1383 1342 1440 singula
1371 1384 1477 1424 vires
1506 1383 1707 1425 absolutae
1739 1382 1973 1438 proportio-

256 1453 370 1512 nales
390 1450 537 1494 iisdem
559 1453 815 1508 corporibus.
878 1453 936 1494 Et
955 1454 1151 1509 quoniam
1172 1454 1355 1495 omnium
1387 1469 1605 1496 commune
1636 1454 1845 1511 gravitatis
1877 1466 1974 1496 cen-

255 1532 364 1565 trum
398 1527 490 1579 (per
508 1524 649 1580 legum
663 1523 810 1565 Corol.
829 1524 1043 1579 quartum)
1073 1523 1140 1566 vel
1160 1525 1334 1581 quiescit
1352 1525 1417 1567 vel
1436 1533 1625 1567 movetur
1644 1514 1903 1566 uniformiter
1930 1524 1975 1566 in

255 1594 474 1646 directum,
496 1595 702 1641 fingamus
723 1610 899 1650 corpora
917 1595 1080 1636 minora
1099 1604 1184 1637 tam
1203 1611 1331 1651 parva
1351 1611 1453 1647 esse,
1488 1604 1535 1637 ut
1565 1611 1716 1651 corpus
1747 1597 1974 1637 maximum

252 1681 468 1722 nunquam
489 1665 613 1707 distet
633 1666 882 1707 sensibiliter
902 1666 954 1707 ab
974 1665 1056 1707 hoc
1077 1675 1220 1709 centro
1237 1683 1247 1709 :
1280 1676 1321 1709 et
1336 1667 1565 1709 maximum
1580 1667 1683 1708 illud
1698 1667 1762 1708 vel
1777 1667 1991 1723 quiescet„

252 1738 317 1779 vel
337 1737 572 1779 movebitur
592 1737 851 1779 uniformiter
870 1737 913 1778 in
934 1737 1151 1787 directum,
1174 1738 1262 1780 sine
1293 1753 1433 1780 errore
1466 1738 1647 1780 sensibili
1665 1754 1676 1787 ;
1707 1738 1868 1779 minora
1901 1752 1974 1779 au-

252 1816 339 1849 tem
357 1808 623 1849 revolventur
643 1808 753 1849 circa‘
771 1808 852 1848 boc
871 1808 1100 1849 maximum
1120 1808 1165 1849 in
1199 1809 1425 1863 ellipsibus,
1462 1816 1584 1865 atque
1618 1808 1743 1850 radiis
1775 1808 1828 1849 ad
1862 1808 1973 1850 idem

252 1879 386 1920 ductis
406 1879 641 1921 describent
660 1894 775 1920 areas
795 1879 1051 1934 temporibus
1079 1880 1440 1935 proportionales3
1473 1881 1525 1936 (5)
1558 1880 1639 1921 nisi
1670 1880 1872 1936 qusstenus
1906 1895 1971 1923 er-

250 1965 365 1991 rores
385 1949 651 1998 inducuntur,
673 1949 738 1991 vel
757 1964 834 2004 per
853 1964 1036 1991 errorem
1057 1951 1229 1991 maximi
1250 1966 1275 1991 a
1295 1940 1599 1992 communiillo
1632 1951 1842 2007 gravitatis
1874 1966 1972 1994 cen-

250 2029 329 2072 tro,
351 2020 416 2062 vel
435 2034 511 2075 per
531 2020 712 2061 actiones
742 2021 948 2062 minorum
983 2033 1206 2076 corporum
1236 2021 1279 2061 in
1315 2036 1357 2062 se
1388 2030 1546 2063 mutuo.
1606 2021 1798 2064 Diminui
1831 2031 1971 2066 autem

249 2098 425 2146 possunt
445 2104 620 2144 corpora
639 2090 810 2134 minorav
836 2105 967 2146 usque
987 2090 1121 2132 donec
1138 2105 1260 2132 ‘error
1274 2091 1363 2142 iste,
1381 2099 1423 2133 et
1443 2093 1494 2148 (Ζ)
1517 2092 1697 2135 actiones
1716 2101 1873 2135 mutuae
1888 2093 1972 2136 sint

251 2161 357 2202 datis
378 2159 589 2216 quibusvis
610 2159 793 2201 minores
803 2176 816 2212 3
849 2167 974 2219 atque
997 2160 1092 2203 ideo
1110 2160 1245 2204 donec
1265 2162 1386 2204 orbes
1407 2177 1500 2205 cum
1521 2163 1731 2219 ellipsibus
1751 2163 1968 2224 quadrent,

253 2317 310 2348 Vis
324 2317 407 2348 enim
423 2326 477 2347 seu
501 2317 581 2348 ac‘tio
603 2315 810 2354 ac'cele'ratrix,
837 2316 900 2359 quii
925 2328 1037 2357 corpus
1064 2318 1094 2349 T
1137 2317 1295 2349 distantias
1311 2318 1341 2349 T
1357 2319 1401 2354 D,
1420 2318 1454 2350 D
1473 2319 1499 2350 C
1513 2318 1748 2356 revolverentur,
1776 2317 1829 2350 sed
1851 2319 1884 2350 in
1908 2321 1968 2361 hoc

249 2370 355 2390 versus
383 2361 416 2391 D
439 2358 579 2396 trahitur,
607 2366 653 2390 est
674 2362 728 2402 (ex
750 2361 846 2391 Dem.
872 2367 903 2391 et
927 2360 1034 2400 Hyp.)
1058 2366 1094 2391 ut
1136 2371 1208 2391 casu
1240 2361 1407 2402 aequalibus
1435 2361 1624 2401 temporibus
1650 2361 1811 2401 periodicis
1845 2362 1968 2404 ellipses

252 2403 282 2433 T
299 2403 327 2433 L
345 2406 378 2439 ><
399 2403 427 2433 L
444 2404 486 2443 ÷
507 2403 536 2432 T
560 2403 592 2432 D
611 2407 644 2439 χ
666 2400 696 2438 S,
722 2404 780 2432 hoc
806 2409 860 2440 est,
887 2408 923 2433 ut
951 2403 980 2433 T
1004 2402 1037 2433 D
1056 2407 1089 2440 ><
1135 2413 1207 2434 suas
1220 2403 1425 2435 describerent
1440 2405 1511 2446 (per
1526 2404 1597 2435 Cor.
1617 2407 1645 2434 2.
1662 2404 1754 2444 Prop.
1776 2404 1835 2445 X.)
1850 2405 1967 2447 ergoet

253 2447 500 2496 W
519 2455 559 2484 ob
576 2454 606 2484 T
622 2454 650 2484 L
669 2459 702 2491 χ
724 2455 944 2492 L=TD><
963 2455 1046 2496 T÷
1062 2455 1091 2485 L
1134 2445 1166 2497 in
1183 2446 1323 2476 illocasu
1339 2456 1449 2495 corpus
1465 2445 1589 2495 Tcirczi
1606 2447 1966 2498 DetpunftumDeir-

1133 2498 1170 2518 ca
1185 2489 1222 2526 C,
1238 2489 1406 2528 aequalibus
1419 2490 1608 2528 temporibus
1622 2489 1783 2528 penodrms
1797 2489 1966 2531 suuellip-

251 2497 344 2538 (60);
369 2502 399 2526 et
414 2497 459 2526 vis
481 2497 675 2526 acceleratrix
692 2497 753 2537 quei
767 2503 919 2536 punctum
937 2497 970 2527 D
985 2496 1090 2527 versiis
1281 2531 1288 2537 .

253 2539 280 2569 C
294 2538 434 2573 trahitur,
451 2545 496 2569 est
513 2541 565 2579 (ex
585 2539 678 2569 Dem.
698 2546 729 2569 et
747 2540 851 2579 Hyp.)
869 2546 905 2570 ut
922 2540 943 2569 S
961 2540 993 2569 D
1009 2543 1041 2576 ><
1059 2540 1089 2574 8,
1133 2541 1181 2560 ⁸⁰³
1194 2530 1376 2581 defcrlbunss·
1425 2531 1517 2561 Idem
1531 2531 1640 2562 eOdem
1662 2531 1756 2562 m0d⁰
1777 2531 1966 2580 ‘Jemonstme

1134 2578 1194 2608 tur,
1211 2583 1282 2603 cum
1295 2573 1386 2612 plura
1399 2578 1473 2604 sunt
1486 2578 1613 2613 corpora
1626 2573 1819 2604 revolventur.

249 2581 308 2611 hoc
331 2586 378 2611 est
402 2586 438 2611 ut
465 2580 908 2629 C'SXS-lssDx‘83
940 2581 994 2612 sed
1019 2583 1090 2623 (61)

254 2634 369 2671 CS><
392 2634 620 2671 S==CD><
643 2635 730 2676 T÷
751 2634 945 2675 L‚ade6que
967 2635 1013 2664 vis
1038 2644 1089 2665 ac-

249 2676 407 2707 celeratrix
422 2675 482 2717 quii
498 2683 649 2715 punctum
668 2676 699 2706 D
715 2677 819 2707 versus
837 2678 862 2708 C
880 2677 1021 2712 trahitur.
1043 2683 1090 2707 est

249 2733 286 2758 ut
307 2728 332 2758 C
350 2728 383 2759 D
401 2733 435 2766 ><
456 2729 485 2759 Τ
500 2730 543 2770 -1-
560 2721 697 2771 L—ss—S:
747 2729 852 2764 Quare
874 2729 919 2759 vis
939 2728 1088 2759 accelera-

249 2770 309 2799 trix
325 2770 387 2810 quii
401 2781 512 2810 corpus
529 2771 558 2801 T
573 2770 677 2801 versus
694 2771 727 2801 D
742 2772 881 2808 trahitur,
905 2776 950 2801 est
969 2770 1009 2801 ad
1022 2770 1087 2800 vim

250 2813 492 2844 acceleratricem
507 2812 569 2853 qufi
590 2821 742 2852 punctum
766 2814 802 2844 -D
827 2814 958 2844 trahitur
982 2813 1087 2843 versus

253 2854 290 2889 C,
306 2861 342 2884 ut
358 2856 387 2886 T
401 2856 433 2886 D
449 2856 489 2886 ad
503 2856 529 2886 C
544 2856 586 2891 D,
604 2857 662 2886 hoc
677 2862 723 2886 est
739 2861 775 2886 ut
789 2855 940 2886 distantiae
953 2865 973 2885 a
987 2864 1086 2894 punc-

250 2895 289 2925 tis
303 2896 342 2926 ad
356 2907 426 2937 quae
441 2898 504 2928 111oe
518 2898 598 2928 vires
612 2898 799 2938 diriguntur.
849 2898 969 2936 Corpus
990 2897 1086 2937 igitur

251 2938 281 2968 T
295 2938 334 2968 ad
350 2948 500 2976 punctum
518 2941 562 2977 D,
589 2947 620 2970 et
643 2947 795 2979 punctum
813 2941 845 2970 D
859 2939 900 2970 ad
917 2940 943 2970 C
958 2940 1086 2970 trahun-

248 2984 301 3009 tur
316 2981 428 3010 viribus
443 2983 590 3013 absolutis
611 2982 789 3022 aequalibus,
816 2983 876 3013 hoc
900 2987 954 3016 est,
976 2981 1086 3012 eodem

248 3022 343 3053 modo
358 3022 398 3052 ad
413 3033 468 3053 sua
483 3024 649 3063 respective
664 3030 768 3055 centra
785 3026 818 3055 D
834 3031 865 3055 et
881 3025 907 3056 C
923 3024 1087 3054 trahuntur

248 3073 313 3104 quo
327 3065 527 3103 traheremur,
544 3067 569 3096 si
585 3067 665 3097 circa
679 3067 762 3097 idem
772 3067 884 3098 virium
896 3073 1037 3098 centrum
1047 3066 1085 3097 ad

1178 2629 1225 2671 (y)
1250 2633 1267 2650 ⁸
1293 2632 1366 2662 Mn·
1377 2629 1528 2672 quiin-nus
1549 2642 1662 2662 errores
1686 2633 1888 2670 inducuntur,
1903 2633 1961 2665 ἃς.

1133 2672 1218 2703 Nam
1234 2672 1258 2702 si
1275 2682 1386 2712 corpus
1401 2673 1572 2704 maximum
1586 2683 1606 2703 a
1622 2674 1780 2703 communi
1795 2674 1850 2704 illo
1863 2676 1965 2716 gravi-

1131 2714 1202 2744 tatis
1215 2721 1321 2746 centro
1337 2725 1399 2746 non
1413 2722 1536 2752 erraret,
1551 2715 1698 2755 nullaque
1713 2722 1791 2746 esset
1811 2719 1891 2749 actio
1903 2718 1963 2749 mi-

1130 2766 1242 2787 norum
1257 2767 1420 2796 corporum
1433 2758 1467 2787 in
1481 2767 1514 2787 se
1527 2756 1646 2793 mutuo,
1673 2757 1831 2798 quodlibet
1853 2761 1964 2801 exigu-

1130 2809 1185 2829 um
1201 2809 1312 2839 corpus
1322 2799 1527 2830 revolveretur
1536 2799 1568 2828 in
1578 2798 1675 2838 ellipsi
1687 2799 1767 2830 circii
1777 2801 1961 2839 maximum,

1129 2847 1222 2881 atque
1236 2841 1328 2872 radiis
1342 2841 1381 2871 ad
1396 2841 1478 2872 idem
1486 2841 1587 2872 ductis
1598 2842 1779 2873 describeret
1788 2853 1874 2874 areas
1883 2850 1963 2876 tem-

1128 2884 1253 2922 poribus
1277 2883 1516 2924 proportionales
1539 2886 1607 2924 (per
1625 2884 1695 2915 Cor.
1713 2888 1793 2916 2.-et
1807 2889 1838 2918 3.
1862 2886 1957 2927 Prop.

1129 2927 1179 2956 58.
1187 2926 1199 2966 )

1171 2979 1221 3021 (²)
1246 2982 1263 3000 ⁰
1289 2981 1332 3011 Et
1346 2982 1474 3011 actiones
1495 2986 1612 3012 nutatura
1632 2983 1693 3013 sint
1717 2984 1795 3014 datis
1811 2984 1961 3024 quibusda

1129 3024 1260 3053 minores
1274 3028 1412 3061 respectu
1427 3022 1554 3052 actionis
1565 3024 1699 3063 corporis
1709 3024 1838 3055 maximi
1848 3025 1883 3055 in
1890 3035 1968 3056 eor--

1129 3075 1203 3106 pora
1217 3065 1336 3095 minora
1348 3076 1358 3102 ;
1374 3075 1446 3095 nam
1458 3064 1528 3095 cum
1540 3066 1674 3106 corporis
1684 3066 1729 3097 vis
1739 3067 1895 3099 attractiva
1905 3069 1958 3100 nb·-
