2086 3542
254 256 335 293 426

382 372 518 404 PROP.
540 373 604 404 xl.
653 372 825 404 PROBL.
847 373 909 404 vi.
1023 347 1073 371 '’³‘'

266 428 455 460 Revolvatur
470 438 582 467 corpus
596 428 629 458 in
644 427 759 467 ellipsi:
778 429 941 469 requiritur
955 428 1004 458 lex

301 470 348 500 vis
372 472 546 509 centripetae
575 470 726 501 tendentis
754 470 794 501 ad
822 471 1003 501 umbilicum

300 512 441 552 ellipseus
445 534 1001 548 ........................................
1027 515 1038 542 1
1050 515 1086 542 18

368 591 506 622 PROP.
527 591 614 622 XII.
662 591 833 623 PROBL.
854 592 937 622 VII.

263 649 428 679 Moveatur
450 658 560 686 corpus
584 648 617 678 in
639 645 814 687 hyperbolfi,
841 647 1005 688 requiritur

302 692 353 721 lex
376 691 420 720 vis
441 691 618 730 centripetae
643 690 795 720 tendentis
816 689 857 720 ad
879 689 1005 720 umbili-

302 743 375 764 cum
390 733 498 774 figurae
501 753 1002 764 ....................................
1029 734 1090 762 120

361 803 500 835 PROP.
521 802 630 833 XIII.
679 801 849 834 PROBL.
869 802 974 833 VIII.

265 858 431 889 Moventur
456 866 566 895 corpus
590 855 624 886 in
649 855 813 895 perimetro
834 855 1000 895 parabolae:

304 900 471 940 requiritur
485 899 535 928 lex
550 899 595 928 vis
609 898 784 937 centripeta·
799 897 951 929 tendentis
965 898 1006 928 ad

302 942 486 973 umbilicum
507 941 601 982 hujus
614 940 724 981 figurae
725 961 1002 971 ....................
1028 943 1088 972 123

369 1011 507 1042 PROP.
527 1010 627 1041 XIV.
676 1010 857 1043 THEOR..
877 1009 938 1040 VI.

265 1070 298 1100 Si
311 1078 436 1108 corpora
450 1067 540 1108 plura
552 1067 747 1098 revolvantur
766 1067 847 1098 circa
867 1074 1006 1099 centrum

304 1121 479 1147 commune,
503 1117 534 1141 et
554 1109 599 1139 vis
620 1110 787 1149 centripeta
800 1110 839 1139 sit
855 1107 1007 1148 reciproce

303 1153 338 1183 in
352 1151 508 1191 duplicata
521 1153 637 1190 ratione
659 1151 809 1182 distantiae
830 1152 968 1182 locorum
989 1162 1009 1181 a

305 1202 426 1225 centro·
418 1218 427 1232 ‚
458 1194 528 1225 dico
555 1194 639 1234 quod
668 1195 787 1227 orbium
810 1194 903 1224 latera
927 1200 1010 1224 recta

304 1237 484 1276 principalia
497 1244 570 1267 sunt
583 1237 615 1266 in
631 1234 786 1275 duplicata
794 1237 910 1266 ratione
924 1246 1008 1266 area-

305 1289 376 1309 rum
390 1290 467 1320 qnas
481 1289 607 1318 corpora
620 1279 711 1309 radiis
730 1278 770 1308 ad
783 1285 921 1309 centrum
933 1278 1008 1308 duc-

307 1321 347 1352 tis
360 1322 471 1352 eodem
486 1328 622 1360 tempore
637 1321 812 1352 describunt
813 1340 1005 1352 ..............
1030 1322 1090 1351 125

352 1385 507 1420 'PROP.
529 1389 608 1420 XV.
655 1389 835 1421 THEOR.
856 1390 937 1421 VII.

267 1445 383 1481 Iisdem
399 1445 513 1484 positis,
529 1445 598 1475 dico
608 1445 693 1486 quod
707 1452 844 1484 tempora
859 1445 1011 1485 periodica

307 1488 340 1517 in
355 1487 512 1526 ellipsibus
526 1494 599 1518 sunt
612 1487 646 1519 ln
659 1487 777 1519 ratione
798 1489 1010 1529 sesquiplicata

308 1530 460 1570 majorum
470 1531 575 1560 axium
576 1550 714 1562 ..........
718 1542 729 1562 t
732 1552 1009 1562 ....................
1034 1534 1048 1561 1
1055 1535 1094 1562 26

362 1597 498 1629 PROP.
519 1598 619 1631 XVI.
668 1599 849 1631 THEOR.
870 1600 973 1630 VIII.

269 1653 387 1684 Iisdem
414 1653 528 1693 positis,
559 1660 591 1684 et
613 1654 687 1687 actis
711 1655 751 1685 ad
775 1665 900 1694 corpora
924 1655 1012 1686 lineis

309 1696 407 1732 rectis,
421 1706 489 1736 quae
498 1695 611 1727 ibidem
623 1700 753 1738 tangant
763 1698 884 1734 orbitas,
899 1698 1010 1728 demis-

309 1738 410 1777 sisque
424 1740 462 1768 ab
478 1738 623 1769 umbilico
637 1739 794 1771 communi
809 1740 849 1770 ad
869 1742 924 1770 has
945 1746 1012 1770 tan-

310 1787 418 1820 gentes
439 1780 757 1819 perpendicularibus:
783 1782 852 1812 dico
865 1782 947 1822 quod
963 1793 1013 1812 ve-

310 1822 447 1852 locitates
458 1833 618 1861 corporum
631 1831 703 1855 sunt
717 1825 749 1854 in
761 1824 877 1854 ratione
888 1834 1012 1862 compo·

310 1863 368 1893 sita
390 1874 426 1894 ex
449 1866 565 1894 ratione
587 1866 875 1914 perpendiculorum
897 1867 1013 1896 inverse

312 1912 343 1935 et
356 1906 569 1944 subduplicata
584 1907 700 1937 ratione
714 1908 846 1937 laterum
861 1914 1011 1938 rectorum

310 1947 525 1987 principalium
547 1947 669 1979 directe.
677 1971 1009 1981 ........................
1020 1948 1094 1980 ibid.

372 2017 510 2049 PROP.
526 2018 645 2049 XVII.
695 2019 866 2051 PROBL.
888 2019 953 2051 lx.

274 2075 380 2106 Posito
394 2075 476 2115 quod
491 2075 535 2105 vis
549 2075 715 2114 centripeta
728 2075 767 2105 sit
782 2075 932 2114 reciproce
947 2086 1016 2115 pro-

313 2117 491 2156 portionalis
505 2117 653 2157 quadrato
667 2118 818 2147 distantiae
839 2118 976 2148 locorum
999 2129 1018 2148 a

314 2165 428 2196 centro,
446 2165 476 2189 et
485 2159 569 2200 quod
581 2159 625 2190 vis
638 2160 723 2191 illius
732 2159 883 2200 quantitas
895 2160 1016 2191 absolu-

313 2205 346 2232 ta
360 2201 398 2231 sit
414 2202 555 2241 cognita;
571 2201 735 2241 requiritur
749 2202 829 2232 linea
843 2212 936 2242 quam
952 2213 1018 2232 cor-

314 2253 373 2282 pus
387 2242 529 2274 describit
543 2244 581 2274 de
595 2244 663 2274 loco
677 2243 749 2274 dato
762 2254 835 2274 cum
850 2244 922 2274 datzi
937 2245 1018 2274 velo-

315 2285 405 2316 citate
419 2285 588 2316 secundum
604 2286 707 2316 datam
718 2292 831 2316 rectam
843 2287 1012 2327 egrediens.
1041 2290 1102 2318 130

374 2355 511 2386 PROP.
532 2355 673 2386 XVIII.
723 2356 892 2388 PROBL.
914 2357 958 2387 X.

276 2410 369 2441 Datis
378 2411 525 2442 umbilico
530 2418 560 2443 et
567 2412 676 2443 axibus
684 2413 900 2453 principalibus
909 2413 1019 2444 descri-

316 2454 387 2483 bere
401 2454 585 2494 trajectorias
596 2454 743 2494 ellipticas
757 2464 787 2486 et
801 2456 1018 2495 hyperbolicas,

317 2504 388 2534 qnae
402 2496 574 2527 transibunt
587 2507 643 2536 per
657 2504 772 2536 puncta
786 2498 857 2528 data
871 2503 902 2528 et
923 2504 1020 2528 rectas

317 2537 466 2576 positione
481 2538 566 2569 datas
587 2539 766 2580 contingent
768 2562 1017 2571 ..................
1043 2543 1103 2571 136

402 2608 539 2639 PROP.
560 2610 660 2640 XIX.
709 2610 881 2642 PROBL.
901 2611 964 2641 XI.

243 2700 245 2703 ι
281 2664 370 2694 Circa
385 2664 491 2695 datum
506 2666 688 2696 umbilicum
710 2667 913 2707 trajector-iam
935 2677 1021 2706 pam-

319 2706 450 2737 bolicam
479 2707 657 2743 describere,
694 2719 765 2749 quae
801 2709 941 2739 transibit
969 2719 1024 2748 per

319 2756 434 2787 puncta
448 2749 528 2786 data,
543 2757 574 2780 et
586 2758 681 2781 rectas
692 2750 842 2790 positione
852 2750 938 2782 datas
948 2761 1021 2781 con-

321 2790 427 2830 tinget.
434 2813 1018 2825 ..........................................
1022 2793 1101 2836 ibid.

397 2852 1005 2894 1ROP XX.PROBL.X11.'

283 2914 370 2944 Circa
385 2915 491 2946 datum
508 2917 690 2948 umbilicum
701 2918 900 2958 trajectoriam
915 2929 1023 2959 quam-

323 2957 367 2986 vis
381 2958 480 2995 specie
494 2958 596 2989 datam
619 2959 786 2991 describere
801 2971 872 3002 quae
887 2971 940 3000 per
954 2962 1026 2993 data

322 3006 437 3036 puncta
450 3001 588 3031 transibit
601 3009 632 3032 et
646 3009 742 3033 rectas
755 3009 862 3043 tanget
875 3004 1025 3042 positione

323 3039 417 3072 datas.
421 3062 1023 3078 ............................................
1050 3050 1061 3078 1
1068 3050 1107 3078 37

793 247 953 278 INDEX
978 243 1392 277 PROPOSITIONUM.

1221 364 1478 396 Prionxxl.
1515 363 1695 395 THEOR.
1716 348 1839 396 xm(
1886 339 1936 365 ’‘¹‘'

1125 421 1342 461 Trajectoriam
1355 420 1435 451 circa
1445 421 1551 451 datum
1563 420 1745 450 umbilicum
1756 419 1866 450 descri-

1163 465 1244 499 bere,
1272 473 1342 503 quae
1364 463 1502 493 transibit
1527 472 1580 501 per
1602 468 1715 501 puncta
1739 463 1810 492 data
1833 468 1865 493 et

1163 511 1258 536 rectas
1268 505 1417 544 positione
1431 504 1516 535 datas
1537 504 1692 545 continget
1693 524 1861 536 .............
1889 507 1949 535 144

1218 572 1357 603 PROP.
1377 571 1498 602 XXII.
1545 570 1716 602 PROBL.
1736 571 1834 602 XIV.

1126 628 1342 700 Trajecgpriam
1363 637 1417 666 per
1438 627 1509 657 data
1529 626 1664 667 quinque
1685 633 1798 666 puncta
1811 626 1865 657 de-

1164 679 1222 701 sen
1261 675 1293 700 fe
1293 689 1860 700 ...........................................

1210 735 1348 767 PROP.
1368 735 1514 766 XXIII.
1562 735 1736 767 PROBL.
1756 736 1834 767 XV.

1126 792 1343 833 Trfijectoriam
1359 791 1528 821 describere
1548 801 1618 832 quae
1632 802 1687 831 per
1700 791 1771 822 data
1790 801 1866 832 qua-

1165 841 1236 865 tuor
1248 840 1362 873 puncta
1373 833 1521 870 transibit,
1537 841 1568 864 et
1581 840 1694 864 rectam
1709 834 1868 874 continget

1165 876 1315 916 positione
1329 876 1432 906 datam
1434 896 1866 908 ...............................
1888 879 1952 908 163

1211 946 1348 977 PROP.
1369 946 1506 977 XXIV.
1547 946 1722 978 PROBL.
1741 947 1840 978 XVI.

1126 1003 1342 1044 ijectoriam
1368 1002 1536 1033 describere
1556 1013 1626 1052 quse
1646 1013 1700 1042 per
1721 1003 1792 1034 data
1812 1002 1871 1034 tria

1167 1051 1280 1084 puncta
1295 1051 1325 1075 et
1339 1052 1434 1092 rectas
1448 1045 1524 1075 duas
1538 1045 1687 1084 positione
1701 1045 1787 1076 datas
1794 1056 1867 1076 con-

1165 1087 1265 1127 tinget
1271 1109 1867 1119 ..........................................
1893 1090 1956 1119 166

1210 1151 1348 1182 PROP.
1369 1152 1483 1183 XXV.
1532 1152 1706 1183 PROBL.
1724 1153 1845 1184 XVII.

1127 1207 1344 1248 Trajectoriam
1367 1207 1544 1244 describere,
1566 1218 1636 1249 quae
1655 1218 1710 1246 per
1723 1208 1794 1239 data
1808 1208 1871 1239 duo

1167 1256 1282 1289 puncta
1304 1250 1442 1280 transibit
1463 1256 1493 1280 et
1514 1257 1610 1281 rectas
1630 1255 1692 1281 tres
1712 1251 1872 1291 continget

1166 1292 1315 1331 positione
1335 1291 1429 1322 datas.
1435 1314 1866 1324 ...............................
1894 1293 1954 1324 173

1185 1367 1472 1398 PROP.XXVI.
1521 1368 1691 1399 PROBL.
1711 1367 1854 1399 XVIII.
1895 1378 1914 1394 <1
1962 1369 1966 1373 “

1131 1424 1348 1464 Trajectoriam
1373 1423 1541 1455 describere
1564 1434 1634 1464 quae
1659 1422 1797 1454 transibit
1817 1433 1874 1462 per

1169 1473 1319 1505 punctum
1346 1466 1454 1496 datum
1475 1472 1506 1496 et
1526 1471 1622 1496 rectas
1641 1473 1773 1506 quatuor
1793 1466 1874 1505 posi·

1169 1509 1252 1538 tione
1266 1508 1351 1538 datas
1365 1508 1530 1549 continget.
1537 1529 1870 1540 ........................
1896 1509 1957 1540 174

1194 1578 1330 1608 PROP.
1347 1578 1505 1608 XXVII.
1553 1577 1726 1609 PROBL.
1746 1577 1850 1608 XIX.

1131 1633 1347 1674 ijectoriam
1363 1633 1530 1664 describere
1544 1642 1614 1673 quae
1628 1638 1724 1663 rectas
1737 1632 1875 1674 quinque

1171 1675 1321 1716 positione
1336 1675 1421 1705 datas
1435 1675 1592 1716 continget
1593 1695 1872 1706 ....................
1895 1676 1958 1705 180

1217 1752 1355 1783 PROP.
1373 1751 1553 1782 XXVIII.
1579 1750 1750 1782 PROBL.
1766 1750 1848 1781 XX.

1133 1809 1351 1856 Trajectoriam
1373 1808 1473 1847 specie
1494 1814 1525 1838 et
1543 1807 1757 1848 magnitudine
1771 1806 1875 1840 datam

1173 1850 1350 1887 describere,
1366 1851 1455 1890 cujus
1469 1855 1569 1888 partes
1583 1849 1662 1880 datae
1676 1850 1765 1880 rectis
1778 1850 1876 1880 tribus

1173 1892 1322 1932 positione
1337 1892 1415 1922 datis
1428 1891 1660 1932 interjacebant.
1666 1913 1873 1923 ...............
1899 1895 1959 1924 193

1217 1962 1355 1994 PROP.
1374 1962 1513 1993 XXIX.
1541 1962 1714 1993 PROBL.
1727 1962 1830 1993 XXI.

1135 2017 1353 2058 Trajectoriam
1369 2016 1468 2055 specie
1482 2015 1584 2046 datam
1599 2015 1767 2047 describere
1780 2026 1878 2057 quea
2082 1999 2086 2049 i

1175 2059 1264 2090 rectis
1275 2065 1405 2099 quatuor
1419 2058 1568 2098 positione
1582 2058 1660 2088 datis
1674 2058 1707 2088 in
1722 2064 1876 2098 partesse-
2077 2060 2086 2255 1

1890 671 1946 700 161

1176 2101 1302 2136 cabitur,
1337 2100 1454 2138 ordine,
1484 2099 1594 2140 specie,
1624 2108 1655 2130 et
1683 2101 1877 2140 proportione

1176 2144 1270 2174 datas.
1275 2164 1875 2175 ...........................................
1900 2144 1960 2174 19⁷

1220 2214 1359 2246 PROP.
1373 2214 1486 2244 XXX.
1522 2214 1693 2245 PROBL.
1708 2213 1832 2245 XXII.
1945 2252 1948 2256 .
2082 2258 2086 2262 ι

1139 2268 1281 2308 Corporis
1296 2268 1328 2298 in
1342 2268 1413 2298 dati
1427 2267 1596 2309 trajector-iii
1616 2266 1788 2307 parabolica
1801 2266 1878 2298 moti
2078 2263 2086 2285 ³.

1177 2311 1312 2341 invenire
1327 2310 1430 2341 locum
1445 2311 1484 2341 ad
1498 2316 1620 2350 tempus
1633 2310 1876 2351 assignatum....
1899 2311 1966 2340 200

1201 2389 1339 2421 PROP.
1351 2389 1486 2420 XXXI.
1512 2389 1685 2420 PROBL.
1699 2388 1845 2420 XXIII.
2074 2293 2086 2496 ἒ

1141 2443 1282 2482 Corporis
1303 2443 1336 2473 in
1357 2442 1430 2474 data
1450 2442 1622 2484 trajectoria
1645 2442 1778 2483 ellipticfi
1801 2442 1878 2474 moti
1954 2472 1960 2474 ,

1179 2484 1314 2516 invenire
1328 2484 1432 2516 locum
1446 2485 1487 2516 ad
1500 2492 1622 2525 tempus
1635 2485 1878 2526 assignatum...
1902 2487 1966 2516 209
2079 2499 2086 2518 2

1196 2559 1331 2590 PROP.
1347 2560 1504 2592 XXXII.
1534 2561 1592 2592 PR
1600 2561 1704 2592 0131..
1719 2561 1856 2592 XXIV.

1142 2616 1247 2647 Posito
1261 2616 1344 2656 quod
1357 2616 1404 2647 vis
1417 2616 1582 2657 centiipeta
1596 2617 1637 2647 sit
1649 2615 1801 2656 reciproce
1811 2628 1883 2656 pro·

1181 2659 1359 2698 portionalis
1382 2659 1531 2699 quadrato
1558 2659 1709 2690 distantiae
1743 2658 1882 2690 locorum

1181 2711 1199 2730 a
1213 2708 1325 2736 centro.
1342 2701 1438 2740 spatia
1451 2701 1578 2732 definire
1592 2711 1661 2742 quae
1675 2710 1786 2740 corpus
1799 2701 1882 2733 recta

1181 2742 1319 2773 cadendo
1333 2743 1411 2774 datis
1425 2744 1615 2783 temporibus
1629 2743 1779 2774 describit.
1785 2765 1878 2776 .......
1903 2748 1967 2780 216

1220 2811 1357 2842 PROP.
1375 2812 1556 2843 XXXIII.
1585 2812 1767 2845 THEOR..
1779 2812 1846 2844 lx.

1145 2867 1257 2898 Positis
1268 2868 1332 2907 jam
1349 2868 1488 2905 inventis,
1505 2867 1573 2898 dico
1588 2868 1670 2909 quod
1685 2869 1819 2909 corporis
1833 2879 1884 2900 ca.

1184 2909 1284 2940 dentis
1307 2910 1450 2941 velocitas
1470 2911 1502 2939 in
1525 2910 1592 2941 loco
1613 2911 1721 2952 quovis
1738 2913 1764 2943 C
1778 2917 1824 2943 est
1843 2911 1885 2942 ad

1184 2952 1374 2982 velocitatem
1399 2952 1532 2991 corporis
1554 2959 1658 2984 centro
1675 2954 1704 2984 B
1725 2953 1884 2984 intervallo

1188 2994 1216 3024 Β
1235 2994 1260 3024 C
1276 2993 1426 3024 circulum
1442 2994 1647 3033 describentis,
1670 2996 1703 3026 in
1724 2995 1884 3034 subdupli-

1184 3035 1251 3066 cata
1266 3035 1383 3066 ratione
1397 3046 1490 3077 quam
1508 3037 1537 3067 A
1557 3038 1582 3069 C
1598 3037 1739 3069 distantia
1752 3037 1886 3079 corpori·
