2086 3542
682 271 1002 316 PRINCIPIA
1037 270 1532 314 MATHEMATICA.

180 276 329 320 Lmen
350 277 564 329 Parmos]
1835 268 1890 326 59

174 392 235 441 ad,
248 393 410 435 ultimas
429 391 701 448 quantitatum
711 388 1047 432 'evanescentium
1066 402 1244 429 summas
1265 394 1306 429 et
1324 386 1514 439 rationes,
1546 387 1781 444 primasque
1813 402 1888 430 na-

174 465 385 515 scentium,
417 463 462 504 id
500 469 572 513 est,
603 461 659 503 ad
696 461 843 502 limites
864 463 879 516 (
891 461 937 512 ⁰)
967 473 1218 501 summarum
1260 465 1301 499 et
1338 458 1546 498 rationum
1584 457 1810 510 deoucere3
1847 467 1890 500 et

163 543 390 592 >propterea
408 534 585 577 limitum
604 533 769 574 illorum
783 530 1150 573 demonstrationes
1170 527 1250 585 qua
1269 529 1390 583 potui
1406 528 1604 570 brevitate
1620 530 1886 584 praemittere.

172 607 256 650 His
275 606 385 648 enim
399 605 510 647 idem
529 611 747 662 praestatur
778 602 891 659 quod
920 617 996 657 per
1026 600 1268 643 methodum
1298 599 1606 640 indivisibilium
1613 616 1625 650 3
1655 607 1697 641 et
1728 600 1887 655 princi-

168 678 248 735 piis
282 676 567 720 demonstratis
591 677 680 731 jam
710 672 836 715 tutius
856 681 1032 715 utemur.
1093 671 1275 713 Proinde
1294 670 1339 711 in
1358 671 1632 727 sequentibus,
1664 671 1699 711 si
1718 670 1887 727 quando

171 749 415 806 quantitates
434 755 630 803 tanquam
651 761 704 787 ex
722 745 931 801 particulis
947 750 1177 786 constantes
1206 741 1530 793 consideravero,
1562 742 1627 783 vel
1646 743 1680 783 si
1698 757 1778 798 pro
1797 757 1886 784 rec-

170 821 223 862 tis
242 834 493 875 usurpavero
512 817 682 859 lineolas
712 831 856 858 curvas
862 832 874 865 3
903 815 1034 856 nolim
1052 813 1326 864 indivisibilia,
1358 813 1430 854 sed
1450 813 1730 855 evanescentia
1749 813 1888 854 divisi-

169 891 281 942 bilia,
311 905 397 932 non
432 903 609 930 summas
640 895 682 929 et
711 887 888 945 rationes
901 885 1081 941 partium
1103 885 1177 940 (Ρ)
1208 883 1584 935 determinatarum,
1616 883 1688 925 sed
1707 899 1885 925 summa-

169 977 264 1004 rum
283 968 326 1003 et
343 961 551 1002 rationum
568 959 718 999 limites
739 971 901 1012 semper
919 955 1092 1012 intelligi
1098 971 1110 1005 ς
1141 955 1306 1010 vimque
1325 954 1470 995 talium
1489 954 1887 996 demonstrationum

171 1033 226 1075 ad
243 1032 486 1074 methodum
505 1029 826 1087 praecedentium
845 1028 1083 1069 lemmatum
1103 1041 1263 1082 semper
1291 1026 1487 1068 revocari.

228 1103 419 1160 Objectio
448 1109 520 1152 est,
552 1100 664 1157 quod
697 1099 970 1156 quantitatum
990 1117 994 1120 ·
1013 1097 1341 1139 evanescentium
1374 1097 1489 1138 nulla
1527 1096 1579 1138 sit
1616 1097 1761 1139 ultima
1788 1112 1886 1152 pro—

168 1175 327 1231 portio3
357 1173 510 1230 quippe
529 1187 635 1228 quae‚
667 1179 886 1227 antequam
905 1162 1170 1220 evanuerunt,
1202 1183 1287 1209 non
1319 1174 1380 1209 est
1412 1167 1574 1218 ultima3
1604 1168 1676 1221 ubi
1710 1183 1885 1210 evanue-

167 1252 280 1297 runt,
310 1244 424 1286 nulla
454 1250 526 1284 est.
588 1241 672 1285 Sed
705 1250 746 1283 et
780 1242 924 1283 eodem
954 1248 1197 1298 argumento
1226 1254 1344 1294 aeque
1363 1238 1556 1279 contendi
1575 1246 1711 1292 posset
1729 1239 1887 1280 nullam

167 1332 254 1359 esse
274 1315 457 1371 corporis
477 1314 531 1356 ad
550 1323 708 1355 certum
727 1312 876 1363 locum,
908 1312 980 1353 ubi
999 1320 1134 1352 motus
1163 1310 1342 1360 finiatur,
1373 1309 1648 1363 pervenientis
1668 1310 1744 1365 (q)
1773 1310 1886 1352 velo-

170 1387 336 1429 citatem
366 1386 570 1427 ultimam:
600 1383 710 1425 hane
744 1384 867 1434 enim,
899 1390 1117 1438 antequam
1149 1394 1297 1435 corpus
1329 1379 1493 1436 attingit
1510 1379 1662 1430 locum,
1695 1394 1781 1421 non
1800 1395 1887 1423 esse

172 1458 378 1507 ultimam3
409 1456 482 1497 ubi
512 1455 686 1513 attingit,
718 1455 875 1497 nullam
906 1469 1002 1495 esse.
1063 1453 1120 1494 Et
1148 1450 1360 1506 responsio
1378 1450 1506 1492 facilis
1533 1457 1610 1491 est:
1641 1464 1717 1505 per
1736 1452 1888 1493 veloci-

173 1535 301 1570 tatem
322 1528 507 1569 ultimam
527 1526 701 1582 intelligi
721 1540 824 1575 eam,
856 1524 937 1580 qua
968 1538 1118 1578 corpus
1145 1529 1347 1580 movetur,
1369 1536 1504 1577 neque
1524 1528 1744 1577 antequam
1763 1522 1886 1565 attin-

156 1614 162 1619 ·
173 1600 236 1657 git
268 1599 407 1640 locum
435 1597 626 1639 ultimum
655 1605 697 1639 et
715 1605 850 1637 motus
870 1602 1009 1654 cessat,
1041 1608 1174 1650 neque
1192 1599 1347 1648 postea,
1380 1591 1452 1633 sed
1471 1599 1570 1633 tunc
1589 1606 1684 1633 cum
1703 1592 1886 1650 attingit3

174 1669 222 1712 id
241 1677 312 1723 est,
343 1669 457 1710 illam
476 1668 609 1724 ipsam
627 1666 885 1711 velocitatem
905 1665 1080 1725 quacum
1101 1679 1251 1721 corpus
1271 1663 1437 1721 attingit
1465 1663 1606 1704 locum
1626 1663 1819 1705 ultimum
1844 1672 1887 1706 et

178 1769 239 1816 res.
282 1783 368 1815 Nam
381 1781 617 1814 considerabant
636 1782 792 1823 polygona
815 1782 939 1813 circulis
961 1782 1013 1813 in-
1054 1781 1193 1813 curatius
1205 1780 1394 1821 procederet,
1424 1781 1495 1811 loco
1508 1780 1743 1811 indivisibilium
1771 1791 1885 1813 evane-

177 1828 289 1867 scripta
297 1832 446 1866 tanquam
456 1825 624 1864 composita
634 1835 672 1855 ex
683 1825 812 1856 infinitis
823 1835 954 1855 numero
962 1831 1009 1855 at-
1054 1825 1171 1856 scentia
1184 1823 1349 1855 divisibilia
1362 1823 1529 1860 substituit,
1545 1830 1578 1853 et
1597 1823 1786 1863 quantitates
1812 1824 1887 1854 Ma-

177 1880 240 1912 que
253 1867 374 1899 infinite
386 1868 487 1907 parvis
505 1877 560 1897 seu
575 1868 826 1898 evanescentibus
840 1868 1005 1906 lateribus3
1050 1867 1229 1898 thematim
1253 1877 1318 1897 non
1346 1872 1384 1897 ut
1413 1876 1452 1896 ex
1472 1866 1614 1904 partibus
1626 1875 1721 1906 quam
1749 1865 1887 1897 minimis

179 1911 381 1944 manifestum
395 1916 502 1940 autem
515 1915 560 1939 est
572 1909 777 1940 differentiam
791 1903 938 1951 polvgoni
958 1910 1008 1940 in-

178 1953 282 1994 scripti
290 1963 310 1984 a
320 1952 436 1984 circulo
448 1951 556 1992 quavis
565 1951 636 1982 data
649 1953 802 1983 minorem
812 1953 956 1992 componi
971 1963 1009 1983 ex

179 1997 309 2028 infinitis
323 2005 454 2026 numero
468 2001 559 2035 atque
568 1994 688 2025 infinite
702 1996 803 2034 parvis
817 2006 872 2025 seu
884 2006 1008 2026 evanes-

180 2039 321 2070 centibus
330 2037 438 2068 circuli
449 2037 616 2078 segmentis
629 2047 763 2078 quorum
772 2037 867 2068 latera
879 2038 1007 2078 polygoe

150 2092 154 2096 ·
181 2082 216 2112 ni
230 2087 304 2111 sunt
316 2080 454 2118 chordae;
475 2081 543 2110 haec
556 2078 628 2110 ver&
644 2087 804 2120 seg-menta
817 2088 891 2111 sunt
915 2081 1009 2110 mini-

181 2134 244 2155 mae
257 2122 442 2163 quantitates
455 2121 517 2151 illae
531 2132 608 2162 quas
618 2122 745 2152 secundi
759 2122 877 2153 ordinis
904 2122 1009 2153 infini-

182 2166 308 2198 tesimas
331 2163 441 2194 dicunt
456 2164 664 2194 Recentiores.
712 2164 778 2195 Hic
798 2166 909 2205 pedem
932 2165 1010 2197 fixe-

181 2214 253 2240 rant
265 2213 389 2241 veteres
414 2206 593 2246 primusque
606 2206 730 2246 longius
751 2207 894 2248 progredi
917 2219 1012 2239 ausus

182 2257 229 2282 ωε
242 2249 458 2281 celeberrimus
472 2248 638 2278 Geometra
650 2251 869 2280 Bonavemura
883 2251 1011 2281 Cavale-

182 2294 258 2331 rius,
274 2292 328 2334 qui
339 2301 422 2321 anno
434 2293 524 2327 1635,
535 2290 769 2322 indivisibilium
782 2292 964 2323 methodum
978 2294 1012 2322 in

181 2334 383 2378 geometriam
411 2332 590 2363 introduxit.
653 2335 726 2365 Hoc
751 2334 887 2373 primum
909 2335 1013 2372 posuit

183 2389 249 2410 suae
268 2375 406 2407 methodi
421 2375 588 2411 decretum,
604 2375 702 2407 lineas
717 2376 830 2415 nempe
843 2387 881 2407 ex
906 2376 1011 2406 infini-

183 2422 224 2453 tis
238 2419 360 2460 punctis
374 2424 522 2454 constare,
533 2415 709 2457 superficies
723 2429 760 2449 ex
775 2419 903 2449 infinitis
913 2419 1012 2456 lineis,

185 2470 218 2495 et
230 2462 329 2500 solida
342 2471 380 2492 ex
394 2460 523 2491 infinitis
537 2461 775 2500 superficiebus;
798 2461 909 2492 deinde
932 2461 1010 2491 indi-

185 2505 316 2538 visibilia
325 2503 380 2534 illa
393 2504 554 2540 elementa,
564 2510 722 2544 totamque
737 2514 845 2534 eorum
859 2514 1014 2534 summam

185 2553 343 2588 comparat
356 2547 390 2577 in
402 2545 467 2577 unii
480 2546 696 2587 magnitudine
710 2557 784 2577 cum
797 2547 929 2587 singulis
951 2547 1014 2577 ele-

186 2591 300 2622 mentis
324 2598 494 2630 eorumque
508 2589 631 2620 summa
644 2589 679 2619 in
704 2589 764 2620 alia
788 2589 1013 2630 magnitudine,

186 2640 219 2665 et
232 2633 275 2664 sic
286 2632 418 2664 duarum
429 2631 684 2671 magnitudinum
699 2632 850 2663 rationem
870 2632 1015 2662 determi-

187 2682 252 2707 nat.
311 2675 394 2705 Haee
417 2679 523 2705 autem
547 2674 757 2714 quantitatum
781 2674 1016 2705 indivisibilium

186 2717 364 2759 hypothesis
377 2716 484 2748 durior
497 2716 663 2759 minusque
677 2717 864 2758 geometrica
879 2717 1015 2748 szv'ro-

190 2771 234 2793 ιῐο
242 2761 306 2791 visa
320 2766 375 2791 est.

233 2803 282 2845 (¹¹)
308 2805 378 2834 137.
404 2797 600 2840 Nzwroims,
631 2809 669 2833 ut
690 2802 856 2834 indirectas
887 2809 919 2833 et
947 2812 1017 2842 per-

190 2845 297 2886 plexas
309 2845 579 2876 vitaret‘vcterum
599 2844 882 2881 demonstrationes,
908 2855 1015 2875 earum

191 2893 296 2919 tamen
310 2886 526 2918 certitudinem
547 2893 579 2917 et
599 2887 787 2918 evidentiam
814 2894 1016 2923 conservaret,

193 2935 333 2960 veterum
346 2930 531 2969 principium
555 2930 700 2961 lemmate
723 2930 824 2970 primo
838 2930 1021 2971 generaliter

192 2972 347 3011 expressit,
371 2971 512 3012 illudque
536 2972 570 3002 in
593 2972 748 3003 lemmatis
762 2973 958 3013 sequentibus
980 2972 1020 3002 ad

192 3024 303 3045 curvas
329 3014 498 3055 generatim
523 3014 693 3054 applicavit,
732 3021 763 3046 et
790 3014 863 3045 inde
891 3015 1020 3045 directas

193 3058 415 3097 perbrevesque
430 3056 703 3092 demonstrationes
717 3057 750 3088 in
764 3063 829 3089 toto
851 3059 950 3096 operis
964 3057 1017 3087 de-

194 3109 289 3130 cursu
303 3097 450 3140 deduxia2
479 3099 529 3129 ‘Ut
552 3106 659 3130 autem
676 3099 814 3130 methodi
827 3099 1021 3138 indivisibili-

194 3151 251 3173 um
264 3141 443 3174 brevitatem
457 3147 674 3183 assequeretur,
691 3142 790 3173 tutius
804 3147 907 3173 tamen
918 3148 957 3186 —et
971 3151 1021 3173 ac-

1051 1916 1234 1946 constantes
1244 1908 1298 1939 sed
1306 1915 1343 1939 ut
1357 1915 1446 1939 motu
1462 1908 1613 1939 continuo
1628 1907 1798 1947 descriptas
1811 1919 1888 1940 con-

1052 1953 1178 1990 siderat;
1201 1952 1349 1991 supponit
1363 1951 1516 1981 nimirum
1526 1951 1625 1981 lineas
1634 1951 1767 1981 describi
1781 1961 1818 1981 ac
1832 1951 1886 1983 de-

1052 1994 1214 2026 scribendo
1220 1994 1367 2035 generari
1371 2004 1436 2024 non
1444 2004 1501 2033 per
1505 1993 1734 2034 appositionem
1738 1994 1885 2032 panium,

1051 2037 1105 2069 sed
1126 2048 1182 2076 per
1195 2043 1319 2067 motum
1340 2037 1526 2067 continuum
1541 2042 1741 2075 punctorum,
1757 2036 1888 2075 superfi-

1050 2081 1112 2111 cies
1136 2090 1192 2119 per
1213 2086 1335 2110 motum
1349 2079 1514 2114 linearum,
1538 2085 1570 2109 et
1583 2079 1682 2109 solida
1697 2089 1753 2118 per
1766 2085 1888 2109 motum

1051 2122 1293 2162 superficierum,
1309 2122 1445 2163 angulos
1471 2132 1528 2160 per
1541 2121 1729 2152 rotatione·
1742 2121 1885 2157 laterum,

1051 2172 1190 2205 tempora
1198 2175 1252 2204 per
1263 2164 1386 2195 fluxum
1397 2164 1593 2200 continuum,
1601 2170 1633 2194 et
1643 2163 1730 2194 sicin
1741 2164 1865 2194 caeteris.

1096 2208 1142 2250 (ο)
1158 2211 1227 2238 138.
1245 2207 1306 2238 Ubi
1322 2217 1393 2237 area
1406 2207 1576 2238 curvilinea
1589 2207 1623 2237 in
1637 2206 1889 2246 parallelogram-

1052 2261 1105 2281 ma
1118 2250 1278 2281 rectilinea
1292 2250 1450 2284 dividitur,
1476 2255 1506 2280 et
1521 2259 1631 2279 eorum
1659 2259 1810 2280 numerus
1830 2259 1888 2279 au-

1054 2299 1146 2334 getur
1164 2299 1258 2332 atque
1274 2292 1410 2323 latitudo
1432 2292 1585 2326 minuitur
1599 2292 1633 2322 in
1648 2291 1816 2327 infinitum,
1831 2292 1888 2320 ho.

1053 2345 1125 2366 rum
1149 2335 1510 2375 parallelogrammorum
1537 2344 1661 2364 summa
1690 2334 1796 2374 (Lem.
1827 2333 1886 2373 2.),

1055 2387 1217 2417 nunquam
1237 2384 1336 2416 potest
1361 2387 1427 2407 esse
1448 2378 1549 2416 major
1559 2376 1630 2406 area
1638 2375 1818 2411 curvilinea,
1833 2376 1889 2406 sed

1055 2420 1122 2450 haec
1137 2429 1207 2451 area
1221 2425 1267 2449 est
1291 2419 1442 2449 terminus
1465 2418 1505 2448 ad
1519 2428 1613 2458 quem
1635 2417 1889 2458 parallelogram-

1056 2472 1181 2492 morum
1191 2461 1435 2492 decrescentium
1450 2470 1573 2490 summa
1583 2470 1707 2499 semper
1721 2460 1839 2491 accedit
1858 2467 1890 2492 et

1055 2515 1150 2545 quem
1178 2503 1305 2534 taudem
1340 2503 1473 2542 attingit,
1509 2502 1564 2533 ubi
1601 2502 1891 2544 parallelogramma

1057 2552 1243 2577 evanescunt
1257 2552 1312 2577 aut
1325 2551 1505 2577 nascuntur.
1551 2544 1643 2575 Idem
1669 2545 1836 2576 dicendum
1850 2546 1890 2576 de

1058 2589 1311 2627 evanescentibus
1326 2598 1491 2619 curvarum
1505 2587 1627 2618 chordis
1645 2594 1788 2627 respectu
1809 2589 1891 2627 peri-

1058 2632 1150 2662 metri
1164 2631 1350 2662 curvilineae.

1103 2674 1148 2716 (ιτ)
1170 2677 1244 2706 1:39.
1288 2674 1485 2710 Quantitates
1520 2679 1734 2704 evanescentes
1769 2674 1891 2714 concipi

1059 2727 1124 2748 non
1138 2716 1253 2748 debent
1262 2717 1348 2748 velut
1356 2717 1568 2748 determinatae
1578 2723 1633 2746 aut
1644 2716 1892 2749 determinabiles

1060 2759 1203 2800 quaedam
1212 2760 1366 2799 portiones
1377 2759 1585 2800 quantitatum
1594 2770 1665 2799 quae
1674 2765 1789 2790 certam
1800 2759 1891 2790 etde-

1060 2803 1181 2833 finitam
1186 2802 1368 2841 parvitatem
1379 2802 1546 2833 obtineant.
1574 2802 1796 2842 Quascumque
1806 2803 1892 2833 enim

1061 2845 1273 2885 portiunculae
1287 2845 1450 2879 linearum,
1467 2844 1698 2884 superficierum
1713 2852 1768 2875 aut
1782 2855 1891 2884 corpo-

1062 2898 1132 2918 rum
1142 2888 1351 2926 acceperimus
1362 2894 1418 2919 aut
1428 2886 1700 2927 designaverimus
1712 2888 1763 2918 hae
1772 2898 1893 2927 semper

1063 2929 1164 2969 reipsa
1174 2929 1270 2959 finitae
1281 2937 1381 2965 erunt,
1395 2939 1459 2959 non
1470 2935 1698 2967 evanescentem
1710 2929 1816 2970 itaque
1827 2941 1892 2961 non

1065 2979 1138 3002 sunt
1152 2971 1234 3002 intra
1247 2979 1344 3003 certos
1358 2971 1506 3002 terminos
1519 2972 1718 3012 quantumvis
1738 2973 1894 3011 proximos

1063 3014 1262 3050 coarctandae,
1288 3014 1372 3044 unde
1393 3015 1443 3044 hae
1456 3015 1641 3054 quantitates
1654 3025 1776 3054 semper
1789 3022 1825 3045 ut
1840 3015 1894 3046 de-

1062 3063 1230 3088 crescentes
1243 3067 1278 3088 ac
1292 3056 1441 3097 perpetus)
1449 3057 1660 3088 diminuendae
1667 3058 1764 3097 accipi
1772 3057 1896 3089 debent.

1107 3099 1152 3140 (q)
1173 3103 1234 3130 140
1262 3099 1413 3139 Exempli
1435 3099 1536 3137 causa,
1563 3100 1664 3141 gravis
1685 3098 1808 3130 sursum
1823 3110 1894 3141 pro·

1059 3141 1135 3183 jecti
1149 3149 1181 3174 et
1195 3143 1235 3174 ad
1245 3142 1430 3174 altissimum
1443 3142 1548 3175 locum
1562 3142 1777 3184 pervenientis-
