2086 3542
255 243 335 280 236
643 233 1095 278 PHILOSOPHIAE
1127 233 1488 278 NATURALIS
1581 234 1724 285 [Mo'r.
1750 200 1945 280 Conponss
1999 284 2006 290 ,

310 352 438 394 Corol.
473 356 509 392 1.
541 350 594 406 (¹)
627 349 743 391 Hinc
762 348 936 405 aequalia
954 356 1049 390 sunt
1068 356 1266 403 tempora,
1298 348 1449 419 quibus
1465 363 1614 404 corpus
1635 363 1764 390 unum
1783 349 1836 392 de
1854 349 1947 392 loco

251 423 291 464 A
320 421 505 463 cadendo
518 420 707 475 pervenit
725 419 779 461 ad
799 427 986 461 centrum
1008 420 1051 470 S,
1084 427 1124 460 et
1159 433 1308 474 corpus
1328 419 1440 460 aliud
1474 419 1722 461 revolvendo
1755 419 1949 464 describit

248 507 387 535 arcum
403 492 713 549 quadrantalem
734 492 775 533 A
796 492 841 533 D
863 491 913 533 E.
1938 510 1942 514 v

305 565 434 606 Corol.
466 569 504 605 2.
538 563 720 605 Proinde
739 562 914 618 aequalia
933 569 1028 603 sunt
1045 571 1234 616 tempora
1252 561 1390 602 omnia
1410 561 1558 617 quibus
1578 575 1752 616 corpora
1778 561 1831 603 de
1844 561 1946 604 locis
2008 565 2013 569 ”
2076 601 2083 609 χ

246 634 453 691 quibusvis
472 633 526 675 ad
547 634 597 688 (ἵ)
627 647 757 689 usque
777 638 964 674 centrum
984 631 1148 681 cadunt.
1209 631 1320 672 Nam
1339 631 1636 673 revolventium
1651 639 1839 688 tempora
1857 645 1946 673 om-

245 706 313 746 nia
330 704 539 760 periodica
560 707 651 759 (per
673 701 812 744 Corol.
832 701 914 743 III.
939 701 1065 755 Prop.
1085 700 1182 752 IV.)
1213 709 1441 756 aequantur.

453 797 827 842 PROPOSITIO
859 796 1086 839 XXXIX.
1149 796 1492 839 PROBLEMA
1523 797 1718 841 XXVII.

243 870 384 914 Positci
412 870 671 925 cujuscumque
685 869 841 924 generis
860 869 900 908 vi
914 866 1144 920 centripetci,
1159 874 1197 908 et
1211 869 1395 910 concessis
1396 869 1626 924 figurarum
1645 870 1945 911 curvilinearum

298 940 563 996 quadraturis,
595 939 809 992 requiritur
829 938 1000 990 corporis
1019 936 1125 977 recta
1160 938 1401 978 ascendentis
1420 939 1481 978 vel
1499 939 1760 981 descendentis
1778 945 1857 980 tum
1882 953 1945 983 ve-

299 1011 435 1052 locitas
455 1010 498 1050 in
517 1009 610 1050 locis
623 1009 800 1063 singulis,
821 1014 900 1065 tum
919 1014 1064 1061 tempus
1086 1021 1159 1061 quo
1178 1021 1313 1060 corpus
1332 1009 1388 1048 ad
1405 1009 1524 1053 locum
1544 1010 1710 1063 quemvis
1720 1010 1945 1064 perveniet.-

294 1083 353 1123 Et
372 1086 519 1121 contra.

298 1154 367 1196 De
383 1153 475 1193 loco
495 1151 638 1207 quovis
661 1151 702 1192 A
721 1151 765 1192 in
796 1150 905 1193 rect&
937 1152 978 1194 A
999 1151 1042 1192 D
1061 1148 1098 1190 E
1121 1148 1157 1190 C
1178 1148 1297 1190 cadat

242 1238 389 1279 corpus
426 1223 478 1271 E,
528 1221 578 1277 (Ζ)
628 1221 760 1275 deque
793 1219 885 1261 loco
925 1221 1010 1276 ejus
1042 1219 1081 1261 E
1115 1219 1297 1277 erigatur

242 1309 403 1349 semper
436 1290 789 1348 perpendicularis
827 1290 866 1333 E
900 1290 955 1341 G,
988 1290 1028 1331 vi
1059 1290 1296 1346 centripetae

240 1366 284 1405 in
334 1364 428 1405 loco
473 1363 544 1405 illo
584 1363 637 1404 ad
676 1371 864 1403 centrum
906 1362 942 1403 C
977 1360 1162 1403 tendenti
1198 1376 1296 1417 pro-

239 1435 504 1490 portionalis:
539 1434 681 1495 Sitque
699 1433 736 1474 B
766 1433 801 1474 F
823 1432 866 1474 G
885 1432 994 1473 linea
1020 1446 1144 1474 curva
1173 1446 1296 1487 quam

240 1586 324 1620 tem
347 1578 384 1620 E
407 1578 450 1620 G
469 1577 559 1632 ipso
593 1583 727 1617 motus
761 1574 877 1616 initio
898 1589 992 1615 cum
1023 1575 1293 1631 perpendicu-

239 1650 316 1691 lari
337 1639 378 1691 A
400 1649 451 1700 B,
482 1657 523 1690 et
561 1648 639 1690 erit
677 1647 859 1702 corporis
897 1645 1090 1688 velocitas
1128 1647 1172 1688 in
1201 1647 1294 1689 loco

241 1721 385 1776 quovis
407 1720 445 1761 E
477 1719 526 1775 (⁸)
556 1725 604 1760 ut
621 1723 746 1768 recta,
764 1731 856 1772 quae
875 1723 1010 1771 potest
1041 1730 1179 1758 aream
1200 1732 1292 1759 cur-

239 1789 430 1830 vilineam
450 1788 491 1829 A
514 1787 551 1829 B
573 1787 616 1829 G
637 1787 689 1830 E.
752 1786 807 1836 Q.
825 1802 860 1828 e.
881 1787 907 1828 i.

296 1862 348 1903 In
370 1860 407 1901 E
444 1860 487 1902 G
515 1859 699 1913 capiatur
729 1860 767 1901 E
790 1860 841 1901 M
870 1867 1006 1910 rectae,
1037 1874 1130 1915 quae
1158 1867 1292 1914 potest

239 1946 377 1975 aream
399 1931 440 1973 A
462 1931 500 1972 B
522 1930 566 1972 G
586 1930 637 1981 E,
668 1929 876 1985 reciproce
896 1931 1225 1985 proportionalis,
1250 1939 1292 1973 et

240 2003 292 2045 sit
311 2001 351 2042 V
373 2001 410 2043 L
428 2000 481 2042 M
518 2000 627 2042 linea
665 2015 801 2052 curva,
838 2015 960 2056 quam
999 2008 1197 2055 punctum
1239 2001 1291 2044 M

239 2079 441 2129 perpetuo
460 2071 604 2127 tangit,
637 2079 678 2112 et
698 2072 812 2126 cujus
833 2080 1083 2127 asymptotos
1112 2080 1173 2114 est
1203 2087 1290 2114 rec-

239 2152 282 2186 ta
308 2143 349 2185 A
371 2143 408 2185 B
431 2141 658 2197 producta3
690 2148 730 2182 et
750 2141 827 2194 erit
847 2150 1018 2196 tempus,
1042 2158 1123 2198 quo
1143 2157 1290 2197 corpus
1311 2130 1350 2177 Γ

240 2213 426 2256 cadendo
437 2212 630 2254 describit
649 2211 799 2252 lineam
815 2212 853 2252 A
874 2212 924 2262 E,
956 2219 1003 2253 ut
1018 2227 1114 2254 area
1132 2214 1356 2257 curvilinea
1376 2217 1418 2259 A
1433 2218 1470 2260 B
1487 2217 1528 2259 T
1540 2217 1579 2259 V
1599 2216 1652 2259 M
1667 2217 1720 2261 E.
1778 2217 1835 2270 Q.
1854 2233 1892 2263 e.
1912 2218 1942 2262 ἰ.

288 2299 334 2342 (¹)
358 2302 376 2316 ⁴'
396 2300 489 2332 Coroz.
510 2301 538 2329 1.
558 2298 646 2329 Hinc
661 2298 802 2337 aequalia.
841 2297 925 2338 Nam
940 2308 994 2337 per
1008 2299 1080 2329 Cor.

245 2346 275 2373 2.
303 2342 395 2381 Prop.
412 2341 456 2371 X.
482 2346 621 2379 tempora
635 2339 864 2370 revolutionum
880 2340 911 2370 in
927 2341 1085 2379 ellipsibus

244 2385 401 2425 quibusvis
419 2384 448 2414 A
468 2383 496 2414 Ρ
515 2383 602 2421 ἙχΑ
617 2383 649 2412 D
669 2382 709 2417 B,
733 2381 872 2422 adeoque
897 2389 928 2413 et
946 2389 1084 2422 tempora

245 2437 300 2468 per
338 2426 488 2465 ellipseon
516 2424 702 2466 quadrantes
731 2424 761 2455 A
796 2424 826 2455 P
853 2425 880 2455 F
909 2435 964 2455 seu
992 2426 1023 2456 A
1051 2426 1083 2463 S,

249 2470 281 2500 A
297 2469 330 2500 D
347 2469 387 2506 E,
410 2473 484 2499 sunt
499 2467 637 2508 aequalia.

249 2553 270 2585 d
290 2511 336 2554 (Υ)
361 2514 379 2532 *
409 2512 462 2542 Ad
486 2521 581 2551 usque
604 2515 755 2541 centrum.
818 2509 870 2540 Ex
898 2509 1001 2550 quiete
1036 2519 1086 2540 ca-

272 2559 337 2585 unt.

289 2598 362 2628 405.
391 2594 540 2636 AEqualia
570 2599 643 2625 sunt
666 2599 805 2632 tempora
841 2593 952 2634 quibus
977 2604 1088 2633 corpus

248 2648 349 2669 unum
363 2638 404 2668 de
428 2637 496 2668 loco
516 2637 546 2668 A
562 2635 702 2666 cadendo
717 2635 854 2675 pervenit
868 2636 907 2666 ad
928 2636 1031 2667 locum
1049 2637 1086 2673 C,

250 2686 282 2710 et
295 2690 408 2720 corpus
425 2679 511 2710 aliud
535 2677 722 2709 revolvendo
750 2677 891 2708 describit
913 2688 1017 2709 arcum
1029 2678 1087 2708 cir-

250 2722 313 2752 culi
331 2723 360 2752 A
380 2723 433 2760 D;
472 2722 555 2753 Cum
578 2720 663 2751 enim
692 2729 803 2759 corpus
826 2720 859 2750 in
874 2719 989 2751 circulo
1016 2720 1089 2750 uni-

249 2763 389 2795 formiter
418 2763 599 2799 revolvatur,
623 2762 681 2793 erit
708 2767 830 2801 tempus
854 2772 909 2802 per
938 2762 969 2793 A
993 2762 1026 2793 D
1048 2762 1088 2792 ad

251 2811 375 2845 tempus
396 2816 452 2846 per
475 2806 506 2836 A
525 2805 554 2836 E
577 2815 633 2835 seu
656 2804 696 2835 ad
717 2811 840 2844 tempus
865 2814 920 2844 per
943 2805 973 2834 A
998 2804 1029 2841 S,
1051 2810 1088 2835 ut

251 2857 342 2878 arcus
359 2848 388 2878 A
409 2848 453 2885 D,
475 2847 515 2878 ad
529 2846 730 2888 quadrantem
747 2846 777 2877 A
794 2847 833 2884 E,
863 2846 915 2877 sed
937 2852 982 2877 est
996 2846 1087 2876 etiam

250 2895 376 2928 tempus
389 2900 445 2929 per
463 2890 492 2920 A
511 2890 547 2924 C,
569 2889 609 2920 ad
635 2895 758 2928 tempus
777 2898 831 2928 per
847 2889 878 2919 A
897 2888 927 2926 S,
944 2894 980 2919 ut
999 2898 1088 2919 arcus

255 2931 286 2962 A
318 2931 359 2968 D,
392 2931 432 2961 ad
446 2931 646 2971 quadrantem
672 2931 703 2962 A
730 2931 772 2968 Ε,
796 2929 871 2972 ergo
894 2936 1016 2970 tempus
1034 2940 1088 2970 per

255 2973 286 3004 A
299 2972 337 3008 C,
355 2978 495 3012 aequatur
508 2973 637 3012 tempori
648 2983 702 3012 per
715 2973 746 3004 A
761 2973 803 3004 D.

298 3013 348 3056 (²)
375 3017 390 3034 ”
406 3016 516 3054 Deque
539 3016 599 3046 loco
623 3016 689 3054 qjus
713 3017 754 3047 E.
804 3015 844 3046 Id
859 3021 912 3052 est,
942 3025 996 3055 per
1021 3025 1087 3045 om-

254 3056 306 3087 nia
330 3056 421 3087 lincae
448 3056 477 3086 A
499 3056 525 3086 C
553 3062 668 3094 puncta
696 3056 853 3097 erigantur
872 3057 1089 3097 perpendicula

255 3104 292 3131 ut
308 3098 338 3131 E
359 3098 399 3137 G,
423 3098 453 3128 vi
470 3098 642 3136 centripetae
672 3099 703 3129 in
730 3099 859 3139 singulis
886 3099 948 3131 iuis
968 3098 1089 3139 punctis
