2086 3542
276 256 356 291 848
435 274 437 276 -
690 242 1139 288 PHILOSOPHIAE
1170 238 1532 284 NATURALIS
1619 237 1763 291 [Mor.
1787 235 1986 280 Comis-

269 359 424 402 fluendi
445 367 487 402 et
504 357 732 408 refluendi;
764 357 817 413 (⁸)
848 356 922 399 sed
941 353 1214 397 oscillatorius
1233 350 1303 394 ille
1328 349 1605 394 inclinationis
1635 355 1773 390 motus
1803 354 1847 390 et
1873 361 1984 404 proe·

270 432 403 474 cessio
422 431 628 473 nodorum
648 430 887 472 manebunt.
950 427 1121 470 Habeat
1139 426 1289 483 globus
1323 424 1503 466 eundem
1536 437 1659 465 axem
1689 436 1786 463 cum
1816 421 1983 474 annulo,

269 517 479 560 gyrosque
498 501 705 557 compleat
722 500 869 542 iisdem
888 498 1155 553 temporibus,
1177 505 1219 538 et
1249 495 1467 552 superficie
1501 493 1574 535 sua
1605 493 1820 549 contingat
1847 490 1993 548 ipsum-

272 571 458 624 interius,
481 573 601 629 eique
620 571 847 620 inhaereat3
878 578 920 611 et
938 567 1225 624 participando
1244 575 1405 609 motum
1421 566 1522 621 ejuS,
1540 578 1762 621 compages
1777 562 1990 619 utriusque

579 706 655 907 [Ε

277 1195 545 1244 oscillabitur,
568 1201 610 1236 et
628 1193 729 1236 nodi
748 1193 1048 1252 regredientur.
1100 1195 1151 1250 (⁰)
1183 1194 1296 1237 Nam
1324 1194 1488 1252 globus,
1525 1202 1573 1238 ut
1606 1211 1707 1239 mox
1738 1197 1912 1251 dicetur,
1927 1199 1998 1240 ·ad

279 1266 558 1322 suscipiendas
592 1265 881 1321 impressiones
916 1281 1059 1308 omnes
1093 1266 1333 1309 indifferens
1368 1275 1443 1310 est.
1508 1268 1670 1311 Annuli
1702 1270 1830 1327 globo
1863 1271 2000 1314 orbati

280 1338 485 1380 maximus
505 1337 782 1379 inclinationis
803 1337 980 1394 angulus
1009 1345 1085 1388 est,
1122 1337 1195 1378 ubi
1228 1338 1330 1379 nooi
1365 1346 1462 1380 sunt
1492 1339 1535 1380 in
1570 1340 1759 1398 syzygiis·
1819 1342 1928 1384 Inde
1956 1342 2000 1384 in

279 1423 505 1466 progressu
525 1407 732 1449 nodorum
752 1407 806 1448 ad
826 1407 1097 1462 quadraturas
1116 1415 1292 1449 conatur
1310 1407 1345 1449 is
1377 1407 1685 1451 inclinationem
1716 1425 1835 1453 suam
1865 1412 2002 1454 minw-

280 1494 364 1530 ere,
387 1487 428 1521 et
447 1479 527 1520 isto
547 1486 698 1520 conatu
717 1486 877 1519 motum
892 1478 1092 1533 imprimit
1111 1478 1239 1535 globo
1259 1479 1348 1521 toti.
1395 1480 1447 1535 (P)
1484 1479 1654 1523 Retinet
1671 1481 1821 1538 globus
1839 1491 2000 1527 motum

281 1550 544 1606 impressum,
566 1565 696 1606 usque
715 1550 816 1591 dum
836 1549 1012 1592 annulus
1033 1557 1183 1591 conatu
1203 1551 1411 1593 contrario
1430 1559 1590 1595 motum
1618 1552 1731 1596 hunc
1757 1554 1890 1606 tollat,
1925 1555 2002 1602 im-
2063 1567 2065 1570 ⁴

280 1623 516 1678 primatque
535 1631 695 1664 motum
714 1636 869 1664 novum
888 1621 932 1663 in
952 1621 1202 1663 contrariam
1232 1630 1422 1677 partem:
1465 1623 1607 1679 Atque
1641 1625 1693 1680 (¹1)
1728 1624 1810 1668 heio
1842 1626 2003 1669 ratione

280 1693 488 1736 maximus
509 1693 783 1736 decrescentis
804 1693 1079 1736 inclinationis
1098 1700 1237 1755 motus
1257 1692 1307 1735 fit
1336 1693 1382 1735 in
1412 1695 1674 1750 quadraturis
1705 1696 1926 1748 nodorum,
1960 1706 2003 1743 et

281 1763 478 1807 minimus
498 1763 776 1808 inclinationis
797 1763 973 1819 angulus
993 1763 1038 1805 in
1059 1762 1293 1807 octantibus
1312 1771 1410 1817 post
1428 1764 1724 1819 quadraturas3
1754 1766 1852 1809 dein
1869 1767 2003 1811 maxi,

282 1849 375 1878 mus
395 1833 673 1875 reclinationis
693 1841 829 1876 motus
864 1833 909 1874 in
944 1833 1134 1890 syzygiis,
1170 1840 1212 1879 et
1244 1834 1449 1877 maximus
1482 1835 1658 1892 angulus
1690 1837 1735 1881 in
1769 1838 2000 1883 octantibus

283 1983 395 2015 clarius
407 1983 610 2024 intelligatur,
626 1981 666 2012 sit
678 1992 696 2012 c
711 1993 730 2012 a
743 1982 765 2012 d
778 1982 799 2012 b
813 1981 899 2023 globi
912 1980 1002 2014 solidi
1018 1991 1120 2022 aequa-
1163 1990 1290 2021 corpore
1307 1982 1329 2012 S
1343 1982 1537 2025 inequaliter
1550 1990 1677 2020 attracta
1699 1988 1845 2029 totumue
1869 1987 2000 2028 pm'mdd
2058 1980 2060 2002 3

282 2034 331 2056 tor
345 2027 404 2056 hoc
416 2033 470 2063 est,
485 2025 620 2056 circulus
633 2024 718 2065 globi
732 2025 888 2054 maximus
902 2024 941 2054 ad
956 2033 1047 2054 axem
1069 2034 1120 2054 ro·
1163 2024 1300 2057 annulus
1314 2028 1530 2063 movebuntur,
1555 2034 1592 2058 ut
1611 2027 1644 2059 in
1663 2029 1766 2061 Corol.
1789 2029 1856 2062 190.
1881 2030 1920 2062 ex
1937 2031 2000 2064 Co-

282 2068 407 2101 tationis
431 2068 517 2109 globi
539 2065 800 2107 perpendicularis
822 2066 848 2097 C
871 2067 903 2097 A
928 2066 961 2096 D
988 2066 1016 2097 B
1044 2076 1122 2097 zoua
1162 2065 1292 2106 rollariis
1306 2069 1548 2107 praecedentibus
1561 2069 1798 2103 detenninatum
1813 2077 1868 2107 est.
1951 2074 1953 2076 ’

284 2110 380 2141 fluida
393 2111 465 2141 satis
478 2109 643 2150 profunda,
660 2119 715 2139 seu
730 2108 866 2139 annulus
887 2107 1003 2139 fluidus
1027 2108 1122 2150 globo
1207 2108 1254 2149 (⁸)
1279 2111 1297 2130 ὓ
1321 2112 1378 2142 Sed
1406 2114 1599 2144 oscillatorius
1626 2115 1684 2150 ille,
1711 2114 1766 2145 &c-
1823 2114 1917 2147 Patet
1942 2125 1997 2156 pet

285 2152 529 2194 circumpositus,
568 2157 599 2183 et
626 2150 831 2191 supponendo
859 2150 945 2192 quod
980 2156 1123 2182 centrum
1168 2150 1241 2182 eor.
1256 2154 1306 2183 18.
1323 2159 1354 2184 et
1367 2159 1431 2184 not.
1450 2155 1648 2194 superiorem.

373 2206 378 2210 ·
1411 2196 1457 2239 (⁰)
1481 2199 1500 2218 ⁶
1524 2200 1608 2230 Nam
1621 2200 1725 2239 globus
1746 2199 1924 2249 indffiren's
1941 2207 1996 2239 eu,

1367 2239 1423 2269 &c.
1471 2239 1588 2282 Liquet
1602 2241 1695 2272 etiam
1711 2251 1750 2272 ex
1763 2241 1885 2283 legrbus
1902 2241 1946 2275 1⁸.
1963 2249 1996 2282 ᾳ

1361 2271 1411 2311 2⁸.
1427 2287 1458 2312 et
1472 2289 1536 2313 not.
1551 2287 1580 2314 9.
1937 2282 1942 2286 ⁴

1400 2323 1446 2365 (¹²)
1458 2326 1476 2344 ⁶
1491 2327 1613 2358 Retinet
1621 2327 1726 2367 globus
1737 2331 1855 2359 motum
1863 2327 1993 2375 ἰηιινφ·

1358 2376 1439 2427 sunz-
1487 2367 1548 2398 Per
1564 2367 1642 2412 ch.
1666 2371 1695 2398 1.
1713 2374 1746 2399 et
1760 2371 1790 2398 2.

1473 2411 1491 2429 0
1759 2411 1766 2419 .
1916 2412 1925 2421 .

1358 2408 1995 2495 imiligtaliotzqitsqtviteolkufiscbamimmz

1359 2495 1512 2526 nodorum
1527 2497 1598 2536 (per
1614 2495 1718 2526 Corol.
1735 2498 1784 2526 18.
1797 2500 1829 2525 et
1845 2495 1912 2536 10.)
1927 2500 1993 2528 'non

1363 2534 1434 2566 ideo
1448 2541 1551 2567 tamen
1565 2536 1682 2568 ibidem
1696 2537 1732 2568 fit
1741 2536 1890 2568 minimus
1902 2538 1994 2570 incli-

1365 2578 1499 2609 nationis
1512 2579 1656 2621 angulus,
1684 2578 1738 2610 sed
1759 2579 1794 2609 in
1818 2580 1994 2616 octantibus

1366 2621 1995 2706 ffifflmffieffiuiffissfflxqmfi

1371 2705 1402 2735 A
1418 2710 1449 2736 et
1466 2705 1505 2743 B,
1529 2710 1560 2736 et
1579 2705 1828 2747 retrogrediendo
1848 2662 1996 2742 niscegiht

291 2748 447 2792 gravitatis
460 2749 546 2792 globi
559 2748 649 2781 solidi
663 2748 804 2781 accurate
816 2748 866 2781 vel
937 2746 939 2748 ’
983 2745 1124 2787 proxime
1164 2746 1204 2777 ad
1218 2746 1418 2787 quadraturas
1434 2747 1472 2785 C,
1489 2747 1524 2779 D
1533 2759 1545 2786 ς
1568 2746 1645 2778 dum
1659 2747 1760 2779 nodus
1787 2747 1821 2779 K
1838 2742 1997 2799 puniri-lt

292 2791 444 2823 coincidet
457 2802 531 2823 cum
551 2791 660 2834 figurae
685 2798 790 2823 centro
813 2792 852 2829 Τ,
877 2802 900 2832 g
912 2791 989 2821 obus
1014 2789 1123 2820 eodem
1165 2796 1271 2820 arcum
1288 2789 1322 2820 K
1340 2790 1377 2827 C,
1392 2795 1424 2820 et
1437 2789 1538 2820 nodus
1554 2789 1592 2825 L,
1609 2799 1715 2820 arcum
1730 2790 1760 2821 L
1777 2790 1822 2829 D,
1837 2786 1996 2832 inclinatio

293 2834 524 2874 quamproxime
538 2834 632 2866 modo
643 2835 780 2865 trahetur
791 2845 809 2865 a
819 2842 945 2874 corpore
953 2831 1124 2872 longinquo
1166 2841 1220 2871 per
1234 2831 1386 2862 actionem
1401 2831 1446 2862 vis
1462 2831 1495 2862 N
1510 2831 1559 2867 M,
1576 2831 1725 2863 continuo
1738 2832 1892 2870 decrescit,
1907 2844 1995 2873 cum-

296 2877 327 2910 S,
342 2882 374 2907 et
386 2877 486 2907 trahet
506 2876 572 2916 ipse
593 2877 776 2916 particulam
792 2877 821 2908 1²
835 2874 922 2907 fluidi
947 2873 1018 2916 (71)
1042 2884 1078 2905 ac
1099 2873 1124 2904 si
1166 2880 1227 2914 que
1241 2873 1342 2904 nodus
1358 2873 1402 2909 K,
1417 2873 1555 2913 pervenit
1568 2873 1601 2904 in
1619 2875 1655 2910 C,
1673 2881 1704 2905 et
1717 2875 1825 2908 transit
1837 2875 1876 2910 nd
1891 2880 1996 2912 oetan·-

294 2922 358 2947 tota
372 2918 455 2948 illius
469 2929 569 2950 massa
583 2925 662 2950 esset
685 2920 718 2949 in
733 2925 838 2950 centro
854 2918 884 2950 T
898 2922 1002 2948 coacta
1027 2914 1127 2958 (quod
1167 2921 1230 2946 tem
1246 2915 1267 2946 k
1281 2921 1458 2955 perseverat,
1475 2925 1513 2946 ex
1527 2916 1636 2948 inertia
1649 2917 1796 2956 materiae,
1820 2924 1925 2953 motus
1947 2919 1994 2953 iu.

295 2959 420 2999 quidem
435 2960 574 2992 accurate
589 2971 696 2992 verum
721 2971 786 2992 esse
810 2957 994 3002 quibusdam
1018 2958 1052 2989 iu
1076 2968 1127 2989 ca-
1168 2957 1341 2989 clinationis
1361 2958 1559 2989 decrescentis
1581 2969 1636 2999 per
1659 2965 1760 2990 totum
1783 2970 1891 2992 arcum
1917 2960 1952 2999 K
1969 2958 1998 2995 C

295 3001 380 3030 sibus
394 3002 496 3039 postea
511 3003 793 3044 demonstrabitur),
809 3002 922 3034 sedhic
932 3001 1125 3040 approxima·
1167 3001 1356 3041 impressus3
1381 3000 1470 3031 Licet
1484 3000 1529 3031 vis
1544 3001 1576 3032 N
1594 3001 1632 3032 M
1658 3001 1690 3032 in
1714 3002 1901 3034 eontrarium
1923 3009 1997 3046 agiu

296 3041 340 3072 tio
365 3043 496 3082 sufficit3
529 3045 623 3085 quare
647 3045 734 3076 fluidi
759 3044 909 3085 particula
932 3043 1048 3083 quaevis
1065 3043 1093 3075 P
1106 3054 1126 3074 a
1166 3053 1221 3084 per
1233 3049 1335 3075 totum
1350 3053 1456 3075 arcum
1474 3044 1500 3075 C
1515 3043 1536 3074 k
1551 3057 1596 3075 =
1614 3043 1641 3076 C
1659 3043 1712 3083 K;
1735 3045 1781 3076 vis
1802 3045 1886 3076 enim
1909 3045 1939 3078 N
1955 3045 1996 3078 M
2043 3054 2046 3057 ’
