2086 3542
0 3271 26 3293 fh*

126 240 275 282 Lmen
293 241 506 293 anusq
567 238 884 283 PRINCIPIA
925 238 1415 286 MATHEMATICA.
1619 241 1623 243 “
1747 244 1830 284 857

768 518 1014 568 SECTIO
1049 519 1167 568 XII.

377 685 457 732 De
478 699 724 747 corporum
747 685 1073 748 sphoericorum
1097 684 1272 731 viribus
1295 685 1561 732 attractivis.

387 871 766 916 PROPOSITIO
797 871 944 913 LXX.
1006 868 1368 916 THEOREMA‘
1397 871 1553 914 XXX.

115 997 162 1039 Si
180 997 237 1037 ad
253 996 455 1050 fflhaericae
479 997 695 1050 superficiei
713 1002 866 1050 puncta
894 996 1050 1051 singula
1080 996 1244 1037 tendant
1274 997 1375 1037 vires
1405 998 1572 1050 oequales
1602 998 1826 1052 centripetae

173 1069 426 1108 decrescentes
444 1068 487 1108 in
518 1066 721 1121 duplicatc‘z'
750 1067 907 1108 ratione
938 1067 1215 1108 distantiarum
1235 1081 1262 1106 a
1275 1067 1433 1120 punctis
1446 1085 1459 1106 .-
1490 1068 1577 1108 dico
1607 1070 1710 1122 quod
1741 1084 1825 1110 cor-

165 1139 366 1192 pusculum
387 1139 496 1179 intra
515 1138 750 1192 superficiem
769 1139 1012 1180 constitutum
1033 1138 1094 1179 his
1113 1137 1258 1179 viribus
1278 1138 1424 1178 nullam
1445 1138 1488 1179 in
1511 1145 1667 1192 partem
1696 1146 1826 1182 artm-

169 1208 289 1249 bitur.
549 1224 557 1231 ⁴

173 1334 237 1378 Sit
259 1335 308 1377 H
329 1335 351 1377 1
374 1335 417 1377 K
439 1335 477 1377 L
500 1334 737 1390 superficies
757 1335 829 1376 illa
848 1334 1063 1390 sphaerica,
1087 1340 1128 1375 et
1151 1333 1186 1375 P
1213 1333 1503 1388 corpusculum
1534 1334 1644 1376 intus
1675 1336 1824 1378 consti-

114 1414 263 1449 tutum.
324 1408 407 1450 Per
429 1408 464 1450 P
484 1419 661 1466 agantur
680 1409 732 1451 ad
752 1409 861 1450 hanc
881 1407 1141 1463 superficiem
1160 1407 1281 1448 lineae
1300 1407 1395 1448 duae
1416 1407 1466 1449 H
1489 1407 1544 1459 K,
1578 1409 1599 1450 I
1622 1409 1673 1459 L,
1706 1425 1824 1453 arcus

112 1494 239 1535 quam
258 1480 450 1522 minimos
473 1482 521 1523 H
543 1482 581 1532 Ι,
606 1481 648 1523 K
671 1482 709 1523 L
728 1481 1059 1536 intercipientes3
1091 1489 1143 1530 et,
1167 1480 1221 1521 ob
1241 1480 1446 1537 triangula
1466 1480 1516 1522 H
1538 1480 1573 1522 P
1594 1481 1630 1531 I,
1663 1482 1700 1524 L
1724 1482 1759 1523 P
1780 1482 1824 1525 K

112 1555 206 1607 (per
228 1553 368 1595 Corol.
408 1561 446 1595 3.
484 1554 602 1595 Lem.
637 1554 757 1606 VII.)
789 1554 839 1609 (⁰)
871 1552 1029 1602 similia,

111 1639 230 1666 arcus
249 1625 309 1668 illi
329 1635 451 1668 erunt
470 1627 671 1669 distantiis
695 1627 741 1668 H
760 1627 808 1678 P,
827 1626 866 1668 L
884 1626 920 1668 P
933 1640 1030 1681 pro-

109 1695 362 1750 portionales
368 1712 380 1746 3
404 1705 444 1738 et
460 1696 690 1752 superficiei
706 1696 920 1752 sphaericae
934 1710 1030 1751 par-

110 1763 249 1804 ticulae
264 1764 418 1819 quaevis
438 1764 488 1805 ad
513 1765 562 1806 H
583 1765 605 1806 I
621 1773 662 1806 et
676 1764 718 1806 K
740 1765 791 1814 L,
814 1764 934 1806 rectis
954 1778 1029 1818 per

111 1844 314 1891 punctum
324 1836 360 1878 P
373 1836 677 1878 transeuntibus
690 1836 873 1892 undique
887 1835 1028 1877 termi-

112 1915 235 1957 natae,
276 1914 398 1948 erunt
435 1908 479 1947 in
514 1906 718 1961 duplicat&
752 1906 821 1947 illa
856 1906 1026 1948 ratione.

113 1977 234 2034 E130
254 1977 361 2018 vires
381 1976 530 2018 harum
549 1975 841 2031 particularum
867 1977 910 2017 in
937 1991 1028 2018 cor-

108 2063 188 2104 pus
211 2049 247 2092 P
269 2048 462 2092 exercitae
494 2055 590 2089 sunt
622 2047 730 2089 inter
761 2062 805 2088 se
836 2047 1026 2103 aequales.

112 2120 221 2163 Sunt
240 2119 351 2161 enim
371 2127 418 2160 ut
431 2117 644 2174 particulae
658 2117 825 2168 directie,
843 2126 884 2160 et
899 2114 1028 2174 quad-

108 2199 199 2233 rata
223 2191 509 2232 distantiarum
538 2191 712 2233 inverse.
772 2190 830 2232 Et
848 2189 915 2231 hae
935 2189 1029 2231 duae

41 2306 55 2310 ,
110 2262 289 2305 rationes
310 2268 565 2317 componunt
590 2261 793 2302 rationem
819 2260 1029 2316 aequalita-

109 2335 173 2377 tis.
235 2334 516 2378 Attractiones
536 2334 675 2391 igitur,
697 2334 739 2374 in
761 2333 986 2376 contrarias
1017 2341 1154 2388 partes
1185 2334 1398 2390 aequaliter
1427 2335 1560 2386 factae,
1597 2351 1641 2378 se
1672 2345 1816 2380 mutuo

107 2408 336 2457 destruent,
398 2408 455 2451 Et
474 2407 597 2452 simili
618 2413 873 2463 argumente,
897 2405 1158 2447 attractiones
1179 2420 1322 2447 omnes
1336 2421 1412 2461 per
1431 2414 1559 2448 totam
1573 2407 1816 2463 sphaericam

109 2481 368 2537 superficiem
401 2497 427 2522 a
459 2480 675 2522 contrariis
710 2479 1018 2521 attractionibus
1047 2478 1323 2520 destruuntur.
1386 2479 1567 2522 Proinde
1597 2495 1747 2535 corpus
1778 2481 1816 2523 P

52 2590 55 2593 Α
108 2554 262 2596 nullam
284 2555 328 2596 in
347 2562 507 2610 partem
526 2553 592 2596 his
612 2551 922 2595 attractionibus
942 2550 1177 2605 impellitur.
1239 2551 1293 2600 Q.
1315 2566 1350 2592 e.
1373 2551 1413 2592 d.
1439 2542 1449 2550 x

152 2708 198 2781 (P)
229 2709 247 2727 ⁸
278 2709 402 2745 Similia,
425 2709 481 2738 ἅο.
531 2706 653 2748 Anguli
675 2706 758 2749 gnim
786 2706 822 2737 H
850 2706 880 2737 P
907 2706 935 2742 I,
980 2706 1009 2738 P
1033 2705 1135 2737 ductae
1159 2705 1371 2747 intelligantur
1393 2707 1564 2739 innumerae
1586 2714 1677 2740 rectae
1700 2710 1740 2741 ad
1761 2721 1810 2745 ar-

109 2750 140 2782 L
203 2749 237 2780 K
251 2749 446 2781 adven-tieem
460 2750 601 2790 oppositi,
625 2754 657 2780 et
677 2748 785 2790 anguli
809 2749 845 2779 H
862 2748 880 2779 Ι
897 2749 935 2784 L,
978 2758 1033 2779 cus
1061 2747 1298 2789 quamminimos
1326 2754 1363 2779 ut
1385 2749 1422 2779 H
1450 2750 1479 2786 1,
1508 2750 1542 2780 K
1568 2750 1599 2781 L
1628 2752 1798 2783 terminata

110 2792 142 2824 L
158 2792 192 2823 K
209 2792 245 2822 H
261 2791 362 2822 eidem
385 2793 469 2823 arcui
494 2793 667 2822 insistentes
689 2798 851 2831 aequantur
872 2796 940 2832 (per
981 2797 1073 2821 rectae
1087 2790 1150 2820 {11ae
1163 2789 1278 2831 figuras
1300 2790 1413 2822 solidas
1435 2792 1622 2833 (pyramides
1636 2794 1686 2824 vel
1699 2776 1809 2836 oonosf

107 2834 204 2873 Prop-
223 2836 273 2865 27.
301 2834 370 2864 Lib.
395 2838 426 2864 5.
453 2834 574 2874 Elem.)
600 2834 683 2864 Nam
706 2843 794 2864 arcus
816 2843 939 2863 evanes—
982 2833 1096 2863 similes
1118 2833 1297 2863 formabunt
1320 2843 1455 2873 quorum
1480 2836 1566 2864 bases
1589 2835 1623 2865 in
1648 2837 1808 2876 superficie

108 2882 213 2907 centes
229 2876 248 2907 1
265 2876 313 2913 H,
330 2875 364 2906 K
381 2876 420 2912 L,
435 2887 491 2915 pro
504 2876 641 2915 ipsorum
656 2875 777 2906 chordis
797 2875 939 2914 usurpari
981 2875 1127 2924 splfaericii
1143 2875 1257 2904 similes
1270 2881 1370 2910 erunt,
1386 2875 1559 2924 etproind&
1575 2879 1644 2916 (per
1655 2878 1745 2910 Lem.
1755 2880 1806 2921 5.)

107 2917 843 2991 ffffisQaeohistaeffifdeugfiffigs
852 2918 934 2996 gult:
978 2923 1136 2990 2²1qu
1152 2917 1464 2991 (lilizbgtlixrtun‘iufihl’
1491 2961 1520 2992 L
1537 2919 1688 2995 Phoergm
1714 2921 1750 2972 H*
1774 2922 1804 2960 Ι,

109 3008 141 3032 et
154 3002 226 3033 hinc
241 3002 265 3033 si
279 3002 320 3033 ad
334 2982 525 3041 superficiem
535 2971 713 3042 sphgerigm
723 3012 777 3042 per
786 3007 938 3041 punctum
979 3002 1036 3031 διο.
1463 2982 1474 2999 ’
1569 2984 1579 2993 θ
1653 2975 1707 3004 rgo
1719 2975 1804 3003 ms,

936 3057 1006 3088 ΖΞ
