2086 3542
213 253 268 289 40
635 245 1083 289 PHILOSOPHIAE
1113 245 1156 287 N
1157 245 1472 290 ATURALIS
1584 245 1782 296 [AxloM.
1812 257 1908 286 srvn

210 359 377 402 debebit
395 360 654 402 solummodo
673 360 841 402 reflexio
860 360 989 401 minui
1007 360 1051 400 in
1071 359 1180 401 certa·
1214 360 1479 414 proportione
1497 373 1575 415 pro
1594 358 1819 415 quantitate
1847 357 1906 398 vis

210 431 395 473 elasticae.
454 431 507 473 In
525 431 683 474 theoria
706 430 888 473 Wrenni
921 437 963 471 et
982 430 1170 486 Hugenii
1189 443 1361 483 corpora
1393 428 1574 472 absolute
1595 429 1701 470 dura
1730 427 1904 469 redeunt

207 500 259 542 ab
277 501 450 543 invicem
470 516 565 544 cum
583 502 796 544 velocitate
815 499 1065 556 congressus·
1097 500 1151 555 (θ)
1184 498 1346 541 certius
1374 500 1418 542 id
1443 500 1710 541 affirmabitur
1735 499 1788 540 de
1808 512 1904 553 per-

203 570 307 613 fecte
327 572 510 614 elasticis.
542 571 585 628 (f)
617 574 669 615 In
687 569 921 626 imperfecte
941 570 1112 611 elasticis
1131 570 1321 611 velocitas
1341 569 1494 612 reditus
1512 570 1735 612 minuenda
1754 577 1815 611 est
1848 567 1902 611 si-

203 641 290 682 mul
310 657 403 683 cum
423 643 462 683 vi
482 642 661 692 elasticfi3
690 648 909 697 propterea
927 640 1039 696 quod
1058 641 1117 681 vis
1136 640 1218 691 illa,
1241 641 1336 695 (nisi
1354 641 1425 681 ubi
1443 648 1580 699 partes
1598 655 1819 696 corporum
1845 653 1900 680 ex

202 725 421 768 congressu
433 713 651 762 laeduntur,
674 712 737 753 vel
753 711 1031 752 extensionem
1043 710 1258 766 aliqualem
1274 711 1388 766 quasi
1408 711 1482 752 sub
1493 711 1642 752 malleo
1655 709 1900 767 patiuntur,)

200 789 311 822 certa
330 796 378 823 ac
397 782 667 823 determinata
685 782 736 822 sit
757 785 972 837 (quantum
991 781 1137 833 sentio)
1167 780 1368 836 faciatque
1386 788 1432 822 ut
1450 795 1625 836 corpora
1656 781 1826 823 redeant
1845 780 1900 822 ab

196 850 371 893 invicem
390 866 484 893 cum
504 852 716 893 velocitate
734 851 914 902 relativa,
937 866 1029 907 quae
1049 851 1100 892 sit
1118 850 1171 892 ad
1201 851 1410 892 relativam
1437 851 1690 893 velocitatem
1724 865 1899 893 concur-

197 936 262 962 sus
281 922 324 962 in
344 922 437 963 data
458 923 628 963 ratione.
673 922 726 964 Id
744 922 788 962 in
807 922 900 977 pilis
921 936 973 962 ex
991 921 1085 963 lana
1106 920 1216 962 arcte
1237 920 1542 978 conglomerata
1568 929 1610 963 et
1627 921 1785 963 fortiter
1797 936 1896 963 con·-

195 991 333 1033 stricta
354 991 412 1033 sic
431 992 597 1034 tentavi.
658 992 847 1034 Primum
866 991 1120 1033 demittendo
1138 991 1322 1046 pendula
1341 999 1382 1033 et
1409 991 1686 1034 mensurando
1705 992 1896 1033 reflexio-

193 1076 303 1112 nem,
337 1062 475 1103 inveni
502 1063 772 1118 quantitatem
790 1062 850 1103 vis
871 1062 1050 1103 elasticae
1057 1077 1069 1111 3
1099 1061 1249 1103 deinde
1277 1076 1353 1116 per
1379 1061 1486 1103 hanc
1496 1062 1603 1102 'vim
1629 1061 1899 1104 determinavi

191 1132 433 1173 reflexiones
454 1133 498 1172 in
517 1133 606 1173 aliis
627 1133 785 1174 casibus
801 1146 1088 1182 concursuum,
1103 1140 1144 1173 et
1155 1132 1460 1187 respondebant
1471 1125 1765 1187 experimenta.
1807 1131 1895 1173 Re-

190 1202 334 1242 dibant
352 1216 512 1256 semper
530 1202 627 1256 pilae
650 1202 703 1243 ab
722 1202 897 1243 invicem
917 1215 1011 1244 cum
1029 1202 1244 1244 velocitate
1264 1202 1444 1252 relativa,
1467 1217 1559 1258 quae
1579 1210 1683 1243 esset
1701 1201 1756 1243 ad
1781 1200 1894 1243 velo-

189 1272 354 1313 citatem
373 1272 583 1313 relativam
599 1258 820 1313 concursus
835 1279 881 1313 ut
898 1278 922 1314 5
943 1272 997 1313 ad
1018 1278 1044 1314 9
1065 1272 1237 1314 circiter.
1282 1271 1441 1314 Eadem
1461 1272 1546 1313 fere
1565 1286 1660 1313 cum
1679 1271 1894 1314 velocitate

187 1342 377 1383 redibant
389 1342 486 1397 pilae
498 1357 551 1384 ex
563 1333 752 1398 chalybe:
767 1342 858 1383 aliae
871 1357 924 1383 ex
939 1342 1083 1383 subere
1099 1356 1193 1382 cum
1207 1341 1331 1396 paulo
1346 1342 1522 1383 minore:
1542 1342 1586 1382 in
1602 1342 1740 1383 vitreis
1756 1350 1893 1383 autem

187 1412 399 1467 proportio
415 1421 502 1453 erat
521 1419 570 1455 15
585 1412 638 1453 ad
658 1419 707 1454 16
724 1412 896 1453 circiter.
921 1413 1058 1468 Atque
1069 1412 1149 1454 hoc
1160 1420 1282 1467 pacto
1296 1411 1365 1452 lex
1376 1412 1496 1454 tertia
1511 1411 1647 1467 quoad
1659 1412 1762 1453 ictus
1777 1419 1892 1454 etre-

186 1482 383 1524 flexiones
398 1496 473 1536 per
487 1482 688 1524 theoriam
700 1482 966 1537 comprobata
980 1490 1051 1532 est,
1070 1497 1163 1537 quae
1179 1496 1273 1523 cum
1286 1481 1537 1536 experientia
1552 1481 1675 1536 plane
1687 1482 1893 1538 congruit.

244 1554 296 1595 In
316 1553 622 1594 attractionibus
642 1568 730 1594 rem
750 1554 807 1594 sic
823 1553 999 1595 breviter
1011 1552 1197 1594 ostendo.
1259 1552 1512 1606 Corporibus
1539 1552 1699 1593 duobus
1721 1551 1889 1608 quibus-

185 1622 245 1664 vis
267 1623 319 1673 A,
345 1623 395 1674 Β,
427 1638 470 1664 se
489 1623 633 1664 mutuo
663 1623 932 1673 trahentibus,
969 1623 1139 1677 concipe
1173 1622 1428 1663 obstaculum
1463 1621 1635 1677 quodvis
1666 1622 1887 1681 interponi,

185 1707 268 1748 quo
287 1707 530 1750 congressus
558 1708 702 1734 eorum
721 1693 979 1748 impediatur.
1041 1693 1086 1735 Si
1106 1707 1254 1749 corpus
1275 1692 1516 1734 alterutrum
1537 1692 1573 1732 A
1597 1691 1730 1750 magis
1760 1694 1888 1735 trahi-

183 1770 252 1803 tur
271 1778 410 1804 versus
430 1778 578 1819 corpus
599 1764 773 1806 alterum
791 1765 840 1815 B,
861 1779 983 1820 quam
999 1764 1101 1808 illud
1113 1765 1287 1808 alterum
1304 1766 1341 1807 B
1361 1766 1404 1805 in
1422 1765 1536 1820 prius
1556 1765 1610 1815 A,
1628 1765 1886 1807 obstaculum

183 1833 313 1889 magis
333 1834 545 1889 urgebitur
563 1835 773 1888 pressione
793 1834 976 1888 corporis
995 1835 1036 1876 A
1056 1849 1179 1890 quam
1198 1835 1409 1889 pressione
1440 1835 1622 1888 corporis
1659 1835 1716 1885 B;
1744 1835 1887 1890 proin-

184 1902 315 1958 deque
335 1918 419 1944 non
439 1904 619 1944 manebit
638 1904 682 1943 in
702 1903 944 1958 aequilibrio.
1005 1904 1250 1946 Praevalebit
1268 1905 1427 1958 pressio
1446 1904 1604 1955 fortior,
1626 1905 1826 1961 facietque
1843 1915 1889 1948 ut

183 1980 357 2027 systema
375 1987 596 2026 corporum
627 1973 804 2013 duorum
824 1982 865 2014 et
900 1974 1100 2014 obstaculi
1125 1982 1337 2015 moveatur
1358 1975 1402 2015 in
1435 1974 1638 2016 directum
1668 1975 1712 2016 in
1742 1986 1884 2030 partes

181 2056 321 2083 versus
343 2041 392 2092 B,
414 2050 609 2097 motuque
629 2042 672 2082 in
693 2042 832 2097 spatiis
853 2043 990 2084 liberis
1010 2057 1170 2098 semper
1190 2044 1414 2086 accelerato
1435 2044 1555 2086 abeat
1585 2045 1628 2085 in
1659 2045 1880 2088 infinitum.

184 2112 311 2161 Quod
331 2119 392 2153 est
421 2112 643 2154 absurdum
663 2121 705 2155 et
723 2113 805 2170 legi
823 2113 969 2168 primae
989 2115 1253 2155 contrarium.
1313 2115 1423 2156 Nam
1442 2129 1517 2169 per
1547 2114 1683 2171 legem
1700 2115 1884 2170 primam

182 2181 345 2224 debebit
364 2194 540 2238 systema
556 2197 815 2238 perseverare
834 2184 878 2224 in
898 2191 1006 2225 statu
1026 2199 1099 2225 suo
1119 2184 1353 2240 quiescendi
1371 2185 1436 2226 vel
1455 2184 1648 2226 movendi
1667 2185 1879 2228 uniformi-
1931 2242 1935 2245 ι

181 2295 375 2328 solummodo
399 2296 523 2328 reflexio
536 2297 637 2327 minui
655 2297 689 2327 in
704 2296 786 2328 certa
798 2297 1002 2338 proportione,
1047 2297 1196 2329 fibrarum
1209 2298 1380 2329 extensioni
1405 2298 1548 2333 adhibita,
1575 2298 1606 2329 vi
1622 2297 1799 2329 restitutivae
1822 2298 1877 2329 de-

181 2348 238 2378 pro
251 2339 421 2378 quantitate
434 2339 480 2369 vis
491 2339 623 2370 elasticae
639 2339 720 2381 (52).
1047 2340 1188 2371 trahitur.
1235 2341 1299 2371 I-lis
1313 2341 1413 2371 causis
1427 2340 1499 2371 addi
1512 2346 1614 2379 potest
1626 2340 1791 2371 intestinus
1803 2351 1873 2380 par-

222 2381 271 2422 (0)
296 2384 346 2412 97.
367 2380 489 2412 Certiiis
503 2381 535 2411 id
550 2381 750 2412 affirmabitur
764 2381 802 2413 de
816 2382 950 2421 perfecte
974 2393 1007 2413 e·
1048 2383 1129 2413 tium
1143 2383 1278 2422 corporis
1298 2382 1432 2422 percussi
1452 2389 1556 2412 motus
1569 2391 1646 2412 sono
1660 2381 1727 2420 ipso
1738 2383 1811 2413 satis
1824 2385 1875 2413 in-

180 2422 308 2461 lasticis;
331 2433 456 2462 corpora
465 2423 548 2453 enim
555 2423 688 2463 perfecte
702 2424 787 2459 dura,
805 2435 859 2455 seu
870 2434 1002 2464 quorum
1044 2424 1172 2460 dicatus,
1203 2425 1257 2465 qui
1285 2424 1319 2455 in
1346 2424 1544 2455 reflexionem
1572 2433 1636 2453 non
1673 2424 1872 2463 impenditur.

180 2471 280 2502 partes
294 2465 382 2496 nulla
396 2466 427 2495 vi
441 2465 526 2495 finita
543 2466 674 2504 separari
692 2471 746 2496 aut
760 2465 840 2497 flecti
863 2473 998 2505 possunt,
1046 2464 1128 2496 Haec
1152 2466 1279 2496 materia
1293 2466 1384 2496 variis
1407 2465 1524 2496 Rizzeti
1549 2465 1766 2504 experimentis
1784 2467 1874 2497 illus-

180 2506 267 2543 nulla
278 2517 401 2547 quoque
415 2507 444 2537 vi
459 2507 628 2539 restitutiva
648 2513 702 2538 aut
721 2508 873 2547 repulsiva
886 2508 1001 2548 pollere
1042 2514 1141 2538 tratur
1161 2508 1195 2537 in
1225 2507 1462 2538 Commentariis
1490 2508 1503 2537 Ι
1508 2507 1628 2538 nstituti
1654 2508 1868 2539 Bononiensis

180 2548 341 2587 videntur3
374 2549 512 2590 adeoque
535 2560 608 2580 cum
632 2549 711 2580 nihil
738 2550 804 2580 sine
825 2550 917 2581 causa
940 2550 1002 2585 fiat,
1047 2550 1122 2580 Tria
1131 2549 1592 2590 globulorumvitreorumparia
1602 2549 1658 2580 sibi
1668 2550 1785 2590 paravit
1797 2551 1872 2582 Rix-

180 2600 342 2629 corporum
352 2591 486 2630 pet-fecte
496 2591 644 2622 durorum
654 2592 903 2622 concurrentium
917 2592 1005 2622 nulla
1045 2597 1148 2628 zetus;
1164 2590 1283 2631 globuli
1303 2591 1395 2630 primi
1415 2591 1494 2631 paris
1518 2591 1703 2622 diametrum
1716 2593 1871 2624 habebant

179 2632 300 2664 videtur
314 2643 378 2664 esse
392 2643 479 2673 posse
489 2633 622 2664 reflexio.
1044 2633 1138 2663 trium
1159 2632 1330 2669 unciarum,
1356 2633 1483 2664 secundi
1498 2632 1640 2669 duarum,
1661 2633 1742 2664 tertii
1763 2634 1867 2671 unius,

223 2674 264 2715 (f)
288 2680 338 2707 98.
365 2676 407 2706 In
417 2674 593 2715 imperfecte
604 2675 742 2711 elasticis,
758 2675 901 2706 velocitas
921 2674 1002 2705 redi·
1042 2674 1086 2705 ἱιὲ
1100 2680 1136 2704 ut
1146 2680 1246 2705 essent
1255 2674 1443 2705 diversorum
1454 2675 1575 2714 parium
1586 2675 1726 2706 diametri
1733 2675 1815 2706 inter
1824 2686 1869 2713 se,

178 2714 227 2745 tiis
242 2717 410 2748 minuenda
423 2723 470 2748 est
483 2727 557 2748 cum
566 2717 597 2747 vi
607 2716 739 2754 elastica,
751 2715 911 2757 propterea
919 2717 1003 2756 quod
1043 2722 1081 2747 ut
1090 2719 1120 2747 5.
1138 2720 1168 2747 2.
1191 2720 1217 2746 1.
1267 2717 1353 2748 Fecit
1368 2724 1404 2747 ut
1417 2717 1535 2757 globuli
1547 2718 1638 2756 primi
1651 2717 1733 2757 paris
1746 2717 1800 2747 filo
1812 2728 1869 2757 ap-

180 2757 298 2793 visilia,
315 2759 387 2790 licet
400 2759 584 2802 imperfecta,
601 2765 682 2790 certa
692 2765 796 2789 tamen
810 2768 845 2789 ac
859 2758 1002 2788 determi-
1042 2758 1130 2798 pensi
1152 2758 1245 2788 simul
1259 2759 1527 2799 congrederentur,
1557 2760 1735 2800 notavitque
1755 2759 1868 2790 veloci-

179 2805 251 2830 nata
265 2807 318 2836 est,
331 2801 364 2830 in
374 2801 482 2832 iisdem
491 2801 678 2841 corporibus,
690 2801 748 2830 nisi
763 2801 817 2831 ubi
827 2806 927 2839 partes
935 2810 1002 2830 cor-
1042 2805 1139 2832 tatem
1179 2801 1376 2839 respectivam
1407 2811 1501 2841 quam
1532 2801 1706 2832 habuerunt
1734 2801 1784 2832 vel
1810 2813 1866 2833 an-

178 2849 289 2877 porum
303 2852 340 2872 ex
355 2853 518 2884 congressu
543 2843 708 2880 laeduntur‚
730 2842 779 2873 vel
794 2841 1003 2873 extensionem
1042 2848 1075 2890 tq
1087 2841 1136 2872 vel
1146 2849 1215 2881 post
1229 2843 1336 2879 ictum,
1352 2842 1488 2873 detracta
1499 2849 1611 2878 tamen,
1636 2853 1721 2873 more
1738 2843 1865 2875 Newto-

178 2881 342 2922 aliqualem
366 2886 452 2924 quasi
480 2887 537 2917 sub
565 2884 677 2915 malleo
703 2884 885 2924 patiuntur3
921 2883 998 2914 dum
1039 2893 1140 2919 mano,
1155 2884 1232 2914 aiii-is
1246 2884 1436 2923 resistentifi;
1456 2884 1601 2924 idemque
1615 2885 1742 2916 tentavit
1755 2891 1823 2916 tum
1833 2886 1867 2918 in

178 2924 260 2954 onim
275 2926 408 2964 corporis
421 2926 533 2957 elastici
544 2927 630 2958 fibrae
643 2937 681 2957 ex
695 2927 759 2957 ictu
773 2925 945 2962 flectuntur,
972 2925 998 2956 si
1040 2929 1087 2956 2⁰.
1110 2931 1179 2955 turn
1192 2926 1225 2955 in
1239 2929 1286 2956 3⁰.
1314 2926 1390 2965 pari.
1406 2931 1410 2935 ’
1451 2926 1492 2956 In
1509 2929 1552 2956 1⁰.
1578 2926 1776 2966 globulorum
1799 2927 1866 2967 pari

177 2964 279 3006 aliqua
299 2969 498 3006 abrumpatur
524 2968 606 3003 libra,
633 2979 670 2999 ea
691 2979 755 2999 non
775 2978 840 2998 sese
858 2967 999 3003 restituit,
1042 2977 1115 2997 cum
1138 2967 1281 3008 velocitas
1302 2967 1467 3007 respectiva
1481 2974 1552 2999 ante
1579 2968 1676 2999 ictum
1689 2969 1798 3000 fuisset
1815 2973 1864 3008 11,

177 3006 316 3048 adeoque
326 3009 370 3038 vis
381 3009 514 3048 corporis
527 3011 696 3041 restitutiva
706 3010 878 3047 minuitur;
893 3009 918 3039 si
930 3008 1001 3039 vero
1042 3009 1102 3039 fuit
1113 3015 1180 3048 post
1194 3009 1290 3040 ictum
1309 3014 1366 3048 103
1387 3010 1421 3040 in
1436 3014 1480 3040 2⁰.
1495 3010 1562 3049 pari
1576 3020 1649 3041 cum
1663 3011 1770 3042 fu'ssset
1791 3011 1864 3043 ame

177 3047 261 3079 fibrae
276 3050 486 3086 extendantur,
502 3057 538 3082 ut
551 3052 623 3082 ferri
637 3052 752 3082 lamina
769 3051 904 3092 repetitis
917 3051 995 3081 mal-
1037 3051 1133 3081 ictum
1151 3054 1198 3086 16,
1214 3051 1275 3082 fuit
1289 3058 1357 3091 post
1370 3052 1467 3083 ienun
1484 3056 1544 3090 15;
1576 3052 1611 3082 iu
1631 3057 1680 3084 5⁰.
1697 3053 1764 3093 pari
1788 3063 1862 3084 cum

177 3090 215 3133 lei
231 3091 340 3122 ictibus
353 3091 387 3122 in
400 3091 530 3134 longum
544 3093 709 3131 diducitur,
730 3103 800 3134 pars
823 3092 902 3125 ictus
923 3093 996 3123 huic
1038 3089 1143 3124 fuisset
1165 3093 1236 3124 ante
1250 3094 1346 3125 ictum
1360 3097 1412 3130 31,
1427 3094 1488 3125 suit
1501 3100 1570 3135 post
1583 3094 1680 3126 ictum
1694 3100 1747 3128 30.
1767 3093 1862 3126 Unde
