2086 3542
276 255 357 316 33'8
690 271 1137 321 PHILOSOPHIAE
1171 280 1530 327 NA'rURAms
1620 283 1980 336 [Μοιοοιιωιι.

275 379 385 430 orbis
407 389 470 431 sui
497 389 699 453 perpetuo
731 386 946 443 trahendo,
980 394 1035 448 (¹¹)
1050 388 1214 436 'minuit
1248 395 1557 439 inclinationem
1589 376 1777 453 planiin
1808 396 1982 443 transitu

273 455 458 514 corporis
478 474 503 501 a
523 460 783 515 quadraturis
803 461 857 502 ad
876 463 1082 519 syzygias,
1099 471 1304 520 augetque
1323 465 1502 508 vicissim
1531 467 1705 510 eandem
1735 469 1779 509 in
1807 471 1982 514 transitu

273 547 298 573 a
318 532 493 588 syzygiis
514 531 568 573 ad
588 532 871 588 quadraturas,
934 533 1060 575 Unde
1080 533 1128 576 fit
1150 542 1196 576 ut
1226 535 1276 590 (⁰)
1306 549 1480 594 corpore
1506 537 1557 580 in.
1579 540 1752 597 syzygiis
1781 542 1982 584 existente

272 604 482 647 inclinatio
502 603 648 647 evadat
678 603 861 646 omnium
890 605 1073 655 minima,
1106 607 1160 664 (P)
1190 607 1412 666 redeatque
1442 611 1495 653 ad
1523 612 1704 667 priorem
1733 614 1982 671 magnitudi-

1300 844 1432 869 ......

1287 868 1411 892 σσσσσ

1543 1339 1577 1358 -‘'

1501 1357 1540 1372 „ss

1321 1349 1470 1430 ‹i”'·†])

269 1473 271 1477 ⁴
315 1473 363 1515 (¹¹)
387 1466 458 1503 507'.
486 1471 604 1505 Minuit
618 1475 848 1505 inclinationem
860 1473 957 1514 plani,
974 1472 1031 1504 ἃς.
1080 1473 1114 1505 Sl
1156 1472 1355 1503 inclinatione
1365 1472 1449 1512 plani
1461 1472 1488 1503 C
1499 1472 1527 1504 P
1540 1472 1617 1504 Tad
1627 1471 1711 1503 idom
1721 1471 1850 1512 planum
1862 1471 1893 1504 E
1907 1472 1930 1504 S
1939 1471 1978 1504 T.

271 1516 379 1547 orbitae
393 1515 529 1555 corporis
547 1516 575 1546 P
588 1515 663 1546 nodi
678 1516 711 1546 in
726 1516 923 1556 quadraturis
937 1517 975 1554 C,
990 1517 1023 1547 D
1038 1525 1112 1546 con·
1157 1515 1199 1546 In
1213 1515 1343 1545 transitu
1357 1515 1455 1556 igitur
1473 1516 1609 1554 corporis
1626 1515 1654 1546 P
1667 1525 1688 1546 a.
1699 1513 1886 1555 quadramra
1901 1515 1928 1547 C
1942 1515 1984 1546 ad

273 1558 448 1592 stituantur,
466 1557 603 1598 angulus
617 1558 825 1589 inclinationis
846 1558 955 1589 orbitae
980 1558 1020 1588 ad
1043 1557 1109 1598 pla-
1153 1557 1402 1598 conjunctionem
1421 1558 1451 1587 A
1467 1557 1573 1588 orbitae
1586 1557 1747 1588 inclinatio
1759 1555 1909 1596 perpetuo
1922 1557 1982 1587 mi-

273 1610 350 1629 num
380 1599 545 1630 immotum
570 1600 600 1630 E
626 1600 648 1631 S
675 1601 705 1631 T
730 1599 880 1640 perpetuo
899 1600 1052 1631 minuitur
1075 1600 1109 1631 in

271 1642 403 1672 transitu
418 1642 552 1681 corporis
579 1642 607 1672 P
633 1653 652 1672 a
674 1642 869 1683 quadraturis
891 1642 932 1673 ad
958 1642 1106 1684 syzygias,

272 1690 405 1725 augetur
417 1683 490 1715 vero
504 1684 537 1714 in
560 1685 691 1715 transitu
714 1685 849 1724 corporis
873 1695 892 1715 a
917 1685 1048 1725 syzygiis

273 1726 483 1766 quadraturas,
500 1727 578 1757 etin
593 1733 723 1767 utroque
748 1727 881 1758 transitu
906 1727 981 1757 nodi
1005 1737 1108 1767 regre-

271 1768 409 1799 diuntur.
459 1768 506 1799 Sit
527 1769 609 1799 enim
632 1769 738 1800 orbitae
755 1769 783 1800 P
801 1769 831 1799 A
851 1769 880 1800 B
895 1779 963 1808 pars
980 1769 1007 1800 C
1025 1770 1055 1799 A
1074 1770 1107 1800 D

271 1810 364 1849 supra
386 1811 514 1849 planum
539 1810 705 1841 immotum
732 1812 762 1842 E
781 1812 802 1842 S
819 1812 848 1841 T
862 1811 980 1841 elevata
1002 1811 1106 1849 altera,

272 1851 345 1883 vero
360 1862 428 1891 pars
446 1853 472 1882 C
489 1853 518 1883 B
536 1853 569 1883 D
584 1853 665 1882 infra
685 1852 765 1883 illud
786 1853 928 1891 depreoea
951 1852 1105 1893 intelliga-

272 1901 359 1932 tur;·
380 1904 436 1933 per
460 1894 567 1924 locum
591 1894 726 1934 corporis
749 1894 778 1925 P
799 1897 910 1935 agatur
932 1900 1014 1927 recta
1032 1895 1061 1925 P
1074 1905 1106 1925 m

273 1936 418 1975 parallela
442 1935 532 1966 lineae
559 1936 589 1966 T
607 1936 638 1973 S,
667 1936 814 1966 exhibens
839 1935 1038 1967 directionem
1061 1937 1107 1968 vis

275 1978 307 2008 N
326 1979 373 2014 M,
390 1984 421 2009 et
434 1988 545 2017 corpus
562 1978 590 2008 P
604 1978 720 2009 feratur
742 1979 879 2018 primurn
903 1989 923 2009 a
947 1978 1031 2009 nodo
1053 1989 1109 2010 seu

272 2019 459 2060 quadratura
476 2021 502 2051 C
518 2019 558 2050 ad
574 2021 823 2061 conjunctionem
847 2021 889 2058 A,
909 2026 941 2051 et
961 2021 1109 2062 quoniam

274 2072 384 2101 corpus
400 2063 427 2092 P
443 2063 472 2092 vi
487 2062 686 2093 revolutionis
700 2073 755 2101 per
769 2073 873 2093 arcum
894 2063 922 2093 P
932 2073 952 2102 p
967 2069 1106 2103 urgetur,

273 2111 304 2135 et
326 2105 356 2134 vi
373 2105 404 2135 N
422 2105 459 2135 M
483 2114 538 2143 per
562 2111 676 2135 rectam
705 2105 733 2135 P
747 2115 778 2134 m
805 2105 945 2142 trahitur,
970 2111 1107 2144 tempore

272 2157 364 2186 quam
380 2147 518 2181 minimo,
542 2147 572 2176 vi
587 2146 763 2186 composita,
790 2146 938 2178 describet
962 2147 1108 2178 lineolam

276 2189 763 2229 PvrquaenonestinplanoC
781 2189 1107 2225 PT,sedabeode-

273 2231 368 2262 flectit
381 2241 485 2261 versus
510 2231 538 2262 P
552 2241 593 2266 m.
618 2230 756 2272 adeoque
778 2241 889 2270 corpus
913 2237 1054 2262 movetur
1073 2233 1108 2263 in

273 2274 367 2312 plano
382 2274 410 2303 T
425 2274 454 2304 P
466 2286 491 2304 a·
504 2274 588 2315 quod
603 2273 788 2313 productum
803 2274 897 2313 pla-no
913 2274 944 2305 Ε
962 2274 983 2304 S
1000 2275 1029 2305 T
1043 2285 1107 2305 non

273 2322 414 2346 occurret
427 2314 460 2345 in
478 2315 504 2346 C
520 2315 574 2346 sed
585 2316 666 2347 ultra
679 2316 705 2347 C
717 2326 822 2346 versus
830 2316 1056 2355 oppositionem
1067 2318 1104 2348 B.

277 2359 391 2389 Centro
407 2359 436 2389 T
453 2364 485 2389 et
498 2358 656 2389 intervallo
674 2359 703 2389 T
720 2358 749 2389 P
763 2358 951 2389 describatur
964 2358 997 2389 in
1012 2358 1106 2398 plano

275 2400 305 2431 Ε
324 2401 346 2431 S
362 2401 392 2431 T
406 2400 539 2431 circulus
558 2401 583 2431 C
598 2411 617 2431 a
633 2401 666 2431 D
680 2402 711 2438 b,
737 2401 771 2431 in
793 2401 886 2440 plano
903 2401 930 2432 C
947 2400 977 2431 P
992 2401 1025 2433 D
1046 2401 1104 2431 cir-

273 2443 337 2473 culi
361 2453 450 2474 arcus
475 2443 504 2474 P
523 2443 559 2479 C,
584 2443 671 2474 etin
695 2443 789 2482 plano
813 2454 837 2474 a·
854 2443 1105 2475 PTarcusPc

273 2485 389 2516 circulo
406 2486 433 2516 C
447 2496 467 2516 a
482 2485 516 2516 D
531 2487 552 2517 b
583 2495 746 2516 occurrens
768 2485 802 2515 in
816 2494 842 2516 c.
891 2485 935 2516 Et
955 2485 1103 2526 quoniam

272 2527 319 2557 vis
334 2528 368 2559 N
384 2527 422 2558 M
447 2527 578 2558 minima
602 2533 648 2558 est
672 2533 811 2567 respectu
837 2527 882 2557 vis
906 2527 1104 2558 revolutionis

273 2569 462 2610 (τοι-ροτίεΡ,ἶ
476 2570 612 2611 angulus
629 2570 656 2601 C
675 2570 703 2600 P
717 2580 744 2607 c,
766 2569 974 2600 inclinationis
994 2570 1103 2609 plano-

261 2612 344 2642 'rum
361 2612 387 2643 C
405 2612 434 2643 P
451 2613 480 2643 T
494 2618 525 2643 et
539 2622 556 2643 c
566 2612 604 2644 -P
618 2613 648 2643 Τ
661 2612 809 2642 minimus
822 2617 868 2643 est
892 2622 948 2643 seu
972 2612 1106 2643 infinite-

273 2654 378 2691 simus,
393 2660 426 2685 et
439 2664 527 2685 arcus
543 2654 570 2685 Ρ
584 2665 602 2685 c
616 2655 655 2684 ab
668 2664 741 2685 arcu
758 2654 787 2685 P
805 2655 831 2685 C
845 2654 966 2685 nonnisi
977 2654 1108 2685 minima

273 2707 328 2727 seu
354 2696 552 2728 infinitesimfi
574 2696 744 2737 quantitate
769 2696 892 2734 differt;
995 2695 1005 2705 “
1033 2706 1106 2726 cum

275 2741 327 2778 (ex
343 2739 433 2780 hyp.)
456 2749 545 2770 arcus
562 2739 591 2770 P
608 2739 634 2770 C
659 2749 678 2769 a
701 2738 870 2779 quadrante
887 2739 914 2769 C
931 2739 963 2770 A
984 2737 1106 2769 differat

272 2780 361 2811 finita
374 2781 545 2821 quantitate
562 2781 590 2812 P
607 2782 649 2818 A,
665 2791 788 2814 summa
801 2790 931 2812 arcuum
948 2780 976 2811 P
993 2780 1030 2817 C,
1049 2779 1078 2811 P
1088 2790 1106 2811 c

273 2823 466 2854 semicirculo
476 2823 578 2854 minor
585 2829 642 2860 est,
655 2829 686 2854 et
696 2823 769 2854 hinc
779 2823 811 2853 in
823 2821 978 2863 triangulo
989 2822 1106 2861 spheri-

273 2875 310 2894 co
323 2866 350 2896 C
363 2866 392 2896 P
403 2876 429 2903 c,
446 2866 581 2906 angulus
589 2871 733 2897 externus
746 2865 772 2896 1¹
786 2865 812 2896 C
824 2875 844 2896 a
859 2866 928 2905 (per
941 2864 1033 2903 Prop.
1049 2867 1098 2895 13.

274 2905 492 2945 sphaericorum
508 2907 657 2943 Menelai,
673 2907 722 2937 vel
737 2917 791 2946 per
807 2907 917 2938 Theor.
929 2910 981 2938 33.
997 2907 1103 2945 Sphae-

273 2948 407 2979 ricorum
420 2950 543 2980 Clariss.
559 2949 694 2989 Wolfii,)
710 2950 807 2990 major
821 2955 867 2980 est
880 2948 996 2989 angulo
1010 2948 1103 2979 inter-

275 3000 317 3019 no
347 2993 487 3030 opposito
513 2993 542 3023 P
565 3002 581 3022 c
611 2993 647 3027 C,
674 2993 732 3022 hoc
755 2998 811 3029 est,
842 2991 999 3022 inclinatio
1024 2991 1107 3029 plani

1152 1599 1267 1634 unitur,
1284 1605 1315 1630 et
1329 1599 1475 1638 quoniam
1490 1599 1591 1630 nodus
1608 1600 1634 1631 C
1649 1599 1831 1630 transfertur
1843 1598 1877 1629 in
1890 1609 1918 1636 c,
1932 1598 1984 1631 fit-

1151 1651 1212 1682 que
1225 1641 1354 1680 proinde
1368 1641 1489 1672 obviam
1504 1641 1622 1681 corpori
1636 1641 1815 1679 revolventi,
1837 1640 1912 1671 nodi
1933 1651 1982 1673 re-

1068 1685 1108 1716 ad
1149 1683 1343 1724 grediuntur.
1386 1684 1510 1715 Eodem
1531 1683 1625 1714 modo
1646 1684 1873 1714 demonstr-amr
1894 1683 1983 1716 incli-

1150 1726 1308 1757 nationem
1337 1726 1438 1756 minui
1466 1732 1497 1757 et
1525 1726 1622 1756 nodos
1649 1736 1665 1755 r
1759 1725 1768 1732 '
1793 1725 1828 1755 in
1851 1725 1984 1757 transitu

1150 1768 1284 1807 corporis
1307 1779 1326 1799 a
1340 1767 1536 1808 'quadratura
1563 1768 1596 1799 D
1621 1767 1660 1798 ad
1688 1767 1912 1807 oppositionem
1938 1768 1979 1800 B.
2028 1774 2038 1783 ⁰

1149 1810 1223 1841 Jam
1238 1810 1354 1840 feratur
1368 1820 1479 1848 corpus
1493 1820 1512 1840 a
1525 1810 1742 1850 conjunctione
1766 1810 1797 1840 A
1821 1809 1861 1840 ad

1148 1858 1284 1882 ratur-arn
1297 1852 1469 1891 proximam
1485 1852 1529 1889 D,
1544 1858 1576 1882 et
1597 1852 1631 1882 in
1651 1851 1720 1882 loco
1733 1852 1842 1892 quovis
1858 1852 1895 1887 P,
1921 1851 1982 1884 ἀι-

1149 1893 1222 1932 plici
1237 1894 1276 1929 vi,
1293 1904 1405 1934 nempe
1418 1895 1447 1924 vi
1462 1894 1661 1924 revolutionis
1674 1904 1730 1933 per
1743 1904 1850 1925 arcum
1865 1894 1895 1926 P
1907 1904 1931 1935 p
1950 1900 1984 1931 et

1149 1936 1179 1965 vi
1196 1936 1230 1967 N
1245 1936 1284 1966 M
1309 1946 1364 1975 per
1387 1941 1501 1967 rectam
1527 1936 1554 1967 Ρ
1568 1946 1602 1966 m
1627 1941 1765 1976 urgetur,
1788 1939 1881 1981 atquc
1904 1935 1983 1968 ιᾶεὓ

1152 1977 1296 2009 describit
1310 1978 1454 2009 lineolam
1472 1979 1500 2009 P
1516 1990 1550 2015 w,
1573 1988 1644 2019 quae
1658 1980 1697 2009 ab
1711 1989 1784 2010 arcu
1801 1978 1831 2010 P
1843 1988 1864 2018 p
1877 1988 1982 2011 vernn

1154 2020 1184 2050 P
1198 2031 1229 2050 m
1246 2021 1387 2051 declinat.
1438 2019 1543 2056 Quare
1563 2021 1587 2050 si
1603 2026 1710 2052 centro
1725 2020 1756 2052 T
1767 2026 1801 2052 et
1819 2020 1981 2053 intervallo

1154 2063 1184 2093 T
1202 2063 1230 2093 P
1244 2063 1453 2093 describantur
1468 2069 1504 2093 ut
1517 2062 1609 2102 supra
1621 2068 1686 2093 tra
1696 2072 1790 2094 arcus
1801 2062 1832 2094 P
1847 2062 1888 2100 D,
1903 2074 1923 2095 a
1935 2064 1980 2101 D.

1151 2104 1180 2136 P
1204 2105 1234 2142 d,
1261 2105 1370 2135 eodem
1397 2105 1491 2136 modo
1516 2105 1774 2137 demonstrabitur
1801 2106 1919 2136 nodum
1946 2107 1981 2138 D

1151 2147 1304 2178 transferri
1320 2147 1353 2177 in
1367 2147 1578 2178 antecedentia
1591 2147 1624 2177 in
1638 2147 1670 2185 d,
1682 2154 1714 2179 et
1727 2142 1879 2189 'angulum
1893 2148 1952 2179 Pd
1962 2159 1982 2180 a
2028 2151 2031 2154 '

1150 2190 1296 2230 majorem
1319 2200 1383 2220 esse
1406 2190 1524 2230 angulo
1547 2190 1668 2233 interno
1689 2191 1829 2230 opposito
1853 2190 1882 2222 P
1898 2191 1932 2222 D
1947 2191 1979 2229 d,

1148 2233 1208 2262 hoc
1223 2238 1278 2268 est,
1294 2232 1527 2263 inclinationem
1539 2232 1647 2262 oebnae
1668 2233 1776 2274 augeri
1795 2233 1831 2263 in
1850 2233 1981 2264 transitu

1150 2274 1284 2314 corporis
1300 2274 1338 2311 P,
1354 2285 1373 2304 a
1383 2273 1603 2315 conjunctione
1613 2274 1652 2304 ad
1659 2274 1878 2315 quadraturam
1887 2285 1979 2316 prox-

1149 2315 1254 2354 imam,
1278 2322 1310 2356 et
1323 2316 1431 2347 eadem
1444 2315 1554 2347 eodem
1573 2317 1667 2347 modo
1687 2317 1892 2349 ostenduntur
1911 2317 1979 2349 fleri

1148 2359 1182 2388 in
1197 2360 1328 2390 transitu
1341 2359 1382 2390 ab
1394 2358 1585 2399 oppositione
1601 2359 1630 2391 B
1645 2358 1684 2390 ad
1700 2358 1921 2400 quadrantium
1937 2360 1975 2392 C.

1151 2401 1239 2484 Q·(⁰ej
1255 2401 1287 2463 q·
1303 2446 1430 2484 Corpore
1443 2445 1478 2475 in
1490 2444 1614 2485 syzygiis
1628 2445 1774 2476 existeret«.
1822 2443 1881 2476 vt.
1893 2433 1978 2475 enim

1148 2485 1181 2516 N
1195 2486 1254 2523 M,
1278 2486 1395 2517 caeteris
1417 2485 1542 2526 paribus
1562 2485 1699 2518 maxima
1721 2491 1770 2517 est
1790 2485 1823 2518 in
1846 2486 1979 2529 syzygiis

1147 2527 1278 2611 (⁵233
1311 2572 1484 2611 Redeatque
1511 2572 1552 2602 ad
1574 2572 1708 2612 mim-em
1735 2572 1977 2612 magnitudinem

1148 2614 1276 2644 cio-citer.
1325 2613 1358 2643 si
1372 2613 1455 2644 enim
1469 2613 1569 2644 orbita
1585 2613 1612 2644 C
1628 2613 1659 2644 A
1676 2613 1711 2644 D
1726 2611 1756 2644 B
1770 2612 1904 2652 perfecte
1917 2614 1978 2646 cir-

1147 2653 1261 2684 cularis
1273 2661 1421 2691 maneret,
1436 2654 1563 2696 aequalis
1576 2660 1654 2686 esset
1666 2654 1712 2685 vis
1727 2654 1760 2686 N
1776 2652 1814 2686 M
1839 2655 1873 2686 in
1895 2657 1977 2698 pari—

1147 2695 1977 2736 busoorpofisPdistmtiisanodisCetD,in

1148 2743 1281 2779 utroque
1305 2739 1475 2779 quadrante
1491 2740 1518 2770 C
1535 2739 1567 2770 A
1591 2743 1624 2769 et
1647 2739 1679 2770 A
1697 2735 1740 2775 D,
1764 2739 1814 2771 vel
1841 2739 1876 2772 1)
1892 2741 1922 2773 B
1945 2747 1978 2774 et

1151 2780 1180 2811 B
1199 2781 1245 2819 C;
1268 2779 1363 2822 quare
1377 2791 1450 2812 cum
1463 2780 1561 2812 orbita
1576 2780 1603 2812 C
1618 2781 1648 2811 A
1662 2781 1707 2818 D,
1722 2781 1978 2815 circuloflnitima

1146 2822 1750 2905 erasmianam
1765 2823 1977 2899 amhn-„⁶31

1144 2873 1223 2936 {iilis
1236 2906 1275 2937 ad
1289 2875 1436 2947 syzygias,
1447 2911 1480 2937 et
1489 2905 1599 2948 contra,
1607 2914 1754 2949 augeatur
1762 2898 1818 2948 per
1825 2876 1976 2950 ³2de

1146 2947 1210 2978 vim
1237 2949 1268 2979 N
1286 2948 1324 2979 M
1350 2949 1383 2978 in
1406 2947 1536 2980 transitu
1561 2950 1696 2989 corporis
1710 2950 1740 2982 P
1752 2961 1772 2982 a
1785 2961 1804 2992 q
1899 2950 1977 2983 turis

1133 2989 1191 3021 :ad
1216 2990 1375 3030 syzygias3
1397 2989 1495 3031 liquet
1519 2991 1604 3032 quod
1626 2992 1784 3025 inclinatio
1807 2993 1912 3026 redeat
1935 2993 1975 3025 ιδ

276 3042 294 3063 c
311 3032 339 3063 P
357 3034 385 3064 Τ
399 3034 438 3064 ad
459 3034 588 3075 planum
612 3035 778 3065 immotum
803 3035 833 3066 E
849 3035 873 3066 S
889 3034 918 3067 T
942 3033 1044 3064 minor
1065 3039 1110 3065 est
1150 3031 1283 3072 priorem
1297 3032 1543 3074 magnitudinem
1564 3034 1691 3073 circiter,
1714 3034 1768 3067 ubi
1788 3045 1898 3076 corpus
1914 3034 1944 3068 Ρ
1957 3046 1976 3067 a
2025 3063 2035 3071 .
