2086 3542
209 273 289 310 192
594 261 1037 307 PHILOSOPHIAE
1067 260 1425 304 NATURALIS
1559 257 1700 310 [Mo‘r.
1723 254 1918 303 CQBROR·

208 367 359 428 anguio
419 366 460 408 A
521 365 557 406 B
599 365 635 407 C

208 436 526 494 aequiangulum..
554 435 632 476 Er-

207 523 262 565 go
281 507 453 563 angulus
491 521 516 546 a
547 519 577 546 n
611 519 634 545 c
698 542 702 548 .

207 594 278 621 seu
300 578 335 620 F
349 593 378 618 n
401 571 450 619 ’D
481 576 634 633 angulo

209 650 250 691 A
291 649 327 689 B
364 648 413 698 C,
458 646 633 701 ideoque

206 717 357 775 angulo
407 717 442 758 F
498 716 527 756 b
587 715 632 755 D

205 789 370 844 aequalis
440 794 530 836 est3
589 792 630 825 et

205 867 423 915 propterea
498 868 629 910 punc-

204 939 292 971 tum
329 944 359 969 11
406 926 549 967 incidit
586 925 630 965 in

203 1008 401 1055 punctum
434 997 477 1039 b.
525 996 630 1037 Por-

200 1085 248 1112 ro
268 1069 440 1126 angulus
463 1066 506 1108 G
519 1066 555 1106 P
570 1065 626 1116 Q,

198 1141 246 1197 (¹¹)
264 1141 333 1196 qui
352 1137 542 1179 dimidius
563 1143 627 1176 est

195 1209 334 1266 anguli
354 1207 408 1248 ad
433 1213 619 1246 centrum

199 1280 242 1322 G
281 1279 317 1320 P
352 1277 408 1326 D,
456 1273 623 1330 aequalis

200 1358 259 1392 est
278 1346 429 1404 angulo
459 1344 514 1386 ad
547 1344 627 1384 cir-

202 1416 508 1460 cumferentiam
530 1414 573 1455 G
604 1427 629 1453 a

202 1488 273 1538 D;
305 1495 346 1529 et
380 1485 551 1542 angulus
588 1482 631 1524 G

206 1560 248 1609 Q
267 1558 333 1608 P,·
349 1558 418 1613 qui
438 1553 632 1597 dimidius

206 1636 270 1671 est
289 1627 428 1684 anguli
457 1625 510 1666 ad
537 1638 633 1664 cen-

203 1708 313 1741 trum
368 1697 410 1739 G
471 1695 514 1744 Q
571 1693 629 1742 D,

206 1770 372 1826 aequalis
413 1774 473 1809 est
521 1780 632 1807 com-

206 1839 414 1893 plemento
449 1834 501 1875 ad
531 1833 634 1873 duos

205 1914 336 1948 rectos
390 1902 530 1958 anguli
582 1899 635 1941 ad

208 1973 577 2019 circumferentiam
593 1969 635 2012 G

209 2049 238 2090 b
278 2048 336 2097 D,
366 2045 543 2098 ideoque
581 2057 636 2082 ae-

210 2113 520 2175 qualis-angulo
548 2111 590 2153 G
609 2111 637 2151 b

208 2203 262 2236 a;
314 2192 487 2239 suntque
540 2180 634 2221 ideo

210 2255 417 2313 triangula
438 2253 480 2295 G
508 2252 545 2293 P
580 2251 636 2300 Q,

215 2332 258 2374 G
277 2345 301 2370 a
318 2329 347 2369 b
383 2325 528 2367 similia
546 2339 558 2373 3
599 2330 640 2363 et

212 2396 640 2445 Gaestadabut
763 2358 1001 2538 NK

205 2577 319 2619 angulo
325 2584 417 2616 quem
424 2573 504 2613 capit
508 2576 701 2612 segmentum
709 2570 739 2600 E

206 2622 244 2651 Μ
257 2621 289 2657 F,
304 2619 355 2649 hic
364 2623 464 2647 autem
475 2614 608 2655 angulus
617 2612 742 2652 aequalis
785 2622 831 2670 G

207 2669 252 2693 est
265 2660 380 2701 angulo
398 2659 500 2689 ACB·
509 2659 577 2698 (per
591 2654 716 2693 constr.)

247 2703 293 2745 (ἱ)
318 2706 335 2723 *
361 2700 509 2741 Angulus
527 2699 558 2729 G
585 2698 613 2728 P
637 2697 671 2732 Q,
691 2696 738 2726 di-

205 2746 317 2776 midius
332 2750 376 2774 est
396 2741 504 2782 anguli
531 2740 571 2770 ad
598 2743 739 2769 centrum

210 2789 240 2818 G
259 2788 285 2817 P
299 2787 341 2822 D,
364 2790 446 2815 recta
459 2783 541 2813 enim
560 2782 588 2812 P
606 2782 646 2817 Q,
669 2791 738 2820 quae

158 2864 160 2866 v
207 2829 389 2859 circulorum
406 2827 438 2857 D
468 2825 500 2855 R
527 2825 558 2855 G
584 2824 627 2860 D,
646 2823 679 2854 D
707 2822 738 2853 G

211 2871 238 2901 F
255 2871 286 2900 D
316 2875 418 2899 centra
438 2867 552 2908 jungit,
574 2862 738 2904 perpendi-

206 2912 317 2942 cularis
331 2916 375 2940 est
385 2910 424 2940 ad
442 2916 555 2940 rectam
567 2909 596 2938 G
612 2908 655 2943 D,
668 2916 738 2947 quae

211 2959 325 2993 puncta
338 2951 587 2981 intersectionum
608 2948 737 2980 circulo-

210 3005 281 3026 rum
287 2995 430 3035 jungeret
440 2991 575 3032 ade6que
586 2991 739 3033 angulum

215 3038 247 3068 G
263 3037 289 3067 Ρ
307 3036 338 3066 D
352 3035 472 3065 bisecat.

257 3079 329 3110 355.
347 3075 378 3107 Si
387 3075 479 3105 trium
490 3080 640 3105 rectarum
655 3075 685 3105 G
698 3073 735 3111 C,

219 3122 249 3153 A
270 3121 309 3158 B,
329 3119 355 3151 C
373 3117 400 3148 B
427 3116 575 3157 positione
600 3116 739 3147 dntarmn
