2086 3542
121 248 272 290 Lmen
294 245 510 298 Punica]
572 244 890 287 PRINCIPIA
921 241 1412 287 MATHEMATICA.

1736 234 1822 284 335'

120 363 286 406 dientur
304 363 496 413 velocius,
517 362 643 417 inque
662 361 924 418 quadraturis
944 361 1029 403 suis
1047 360 1205 402 tardius
1234 361 1430 402 recedent
1458 375 1535 416 per
1565 360 1650 402 vim
1679 361 1829 404 additi-

121 435 221 477 tiam
242 435 280 477 L
302 434 366 476 M.
424 433 495 475 Ob
514 432 827 474 diuturnitatem
845 431 946 474 vero
965 431 1175 486 temporis,
1197 445 1280 486 quo
1297 431 1488 473 velocitas
1503 447 1744 489 progressus
1758 432 1822 476 ve}

120 507 291 548 tarditas
309 521 519 564 regressus
539 507 816 557 continuatur,
839 506 888 548 fit
905 506 998 547 haec
1016 505 1272 561 inaequalitas
1292 505 1416 561 longe
1437 506 1631 548 maxima.

102 565 103 570 ¹
183 579 312 619 Corol.
334 583 374 619 9.
407 577 453 619 Si
472 591 622 632 corpus
643 576 824 633 aliquod,
846 576 887 617 vi
906 575 1117 631 reciproce
1135 575 1435 630 proportionali
1455 576 1658 630 quadrato
1677 577 1829 618 distan-

123 649 192 691 tiae
222 663 308 689 suae
328 663 354 688 a
372 655 517 688 centro
544 648 826 690 revolveretur
854 647 963 689 circa
990 647 1071 688 hoc
1098 656 1286 688 centrum
1313 647 1358 687 in
1383 647 1543 701 ellipsi3
1578 656 1620 689 et
1647 663 1761 698 mOX‚
1789 636 1832 690 in

123 721 322 762 descensu
341 719 394 760 ab
415 719 558 774 apside
578 717 738 760 summa
754 734 828 760 seu
847 733 954 775 auge
973 718 1028 759 ad
1047 718 1234 773 apsidem
1252 719 1404 767 imam3
1434 718 1496 759 vis
1515 718 1587 759 illa
1604 733 1681 773 per
1700 734 1833 760 acces-

122 807 215 834 sum
235 800 481 847 perpetuum
501 793 563 834 vis
582 806 703 833 novae
723 798 944 848 augeretur
963 791 1007 832 in
1026 790 1186 832 ratione
1203 790 1424 846 plusquam
1442 789 1651 845 duplicata
1680 791 1835 832 distan-

124 864 192 906 tiae
211 864 448 906 diminutae:
478 864 742 907 manifestum
762 871 826 906 est
852 863 966 920 quod
995 877 1161 919 corpus,
1193 861 1396 919 perpetuo
1428 877 1597 907 accessu
1629 863 1691 906 vis
1725 863 1835 906 illius

123 1486 167 1517 vir
181 1485 215 1515 in
230 1485 332 1524 apside
344 1478 467 1516 summe}
482 1487 523 1515 ad
536 1486 595 1516 vim
607 1486 640 1515 in
649 1486 750 1524 apside
757 1482 820 1515 imd
831 1482 958 1514 maa-ime

123 1529 235 1558 recedit
248 1538 268 1557 a
282 1526 435 1566 duplicat&
456 1529 572 1558 ratione
592 1529 806 1558 distantiarum
827 1524 957 1560 ἰπυετεᾶ,

123 1567 219 1608 porro
233 1568 311 1598 dum
325 1569 406 1598 linea
419 1568 560 1608 apsidum
575 1580 631 1600 seu
645 1569 743 1609 major
757 1569 822 1598 axis
836 1568 956 1607 ellipse-

124 1621 159 1641 σε
178 1612 206 1641 Β
225 1611 252 1641 C
269 1612 299 1641 A
318 1611 361 1648 D,
377 1612 466 1652 cujus
481 1611 646 1642 umbilicus
660 1617 706 1641 est
721 1611 759 1645 Τ,
780 1610 813 1640 in
828 1610 958 1651 syzygiis

129 1655 171 1689 A,
192 1654 220 1683 B
234 1660 381 1690 versatur,
404 1654 482 1683 ratio
495 1654 542 1683 vis
555 1654 650 1684 totius
664 1653 798 1692 corporis
814 1653 843 1683 P
857 1653 889 1682 in
905 1664 958 1690 ap.

124 1695 190 1725 side
206 1694 328 1725 summa
342 1695 432 1734 positi
448 1695 488 1726 ad
498 1696 561 1725 vim
575 1696 642 1736 ejus
655 1695 687 1725 in
701 1695 805 1733 apside
819 1694 883 1725 ima
893 1705 960 1725 ver.

125 1738 230 1775 santis,
245 1737 345 1778 magis
358 1738 472 1768 recedit
486 1749 505 1768 a
518 1737 674 1778 duplicata
689 1737 806 1767 ratione
820 1737 960 1767 distanti..

123 1789 212 1810 arum
227 1779 346 1810 inversa
360 1790 453 1820 quam
465 1779 499 1810 in
514 1780 576 1811 alio
589 1780 696 1820 quovis
709 1779 799 1809 lineae
816 1779 959 1818 apsidum

127 1822 198 1853 situ.
243 1822 290 1852 Sit
303 1822 388 1852 enim
405 1823 433 1853 B
449 1823 529 1862 apsis
542 1833 673 1859 summa,
693 1822 723 1852 A
739 1822 819 1861 apsis
833 1822 904 1860 ima,
927 1829 960 1854 et

127 1865 184 1895 erit
210 1865 240 1895 T
263 1865 290 1894 B
316 1864 459 1895 distantia
478 1865 623 1900 maxima,
648 1866 678 1894 A
703 1865 733 1894 T
752 1863 882 1894 minima
905 1867 958 1907 (ex

125 1907 239 1937 natura
253 1906 421 1947 ellipseos.)
467 1906 562 1937 Unde
576 1916 702 1946 corpore
720 1907 747 1936 P
761 1906 795 1935 in
809 1907 958 1948 conjunc-

125 1949 211 1979 tione
227 1949 258 1979 A
273 1955 412 1979 versante
426 1947 483 1979 erit
497 1945 543 1978 vis
556 1949 690 1979 ablatitia
706 1948 739 1978 K
756 1948 785 1978 L
808 1951 877 1990 (seu
897 1949 958 1980 dif-

125 1991 254 2021 ferentia
268 1990 379 2020 virium
394 1990 646 2022 acoelemuicum
667 1998 830 2029 corporum
846 1991 876 2021 T
886 1997 917 2022 et
929 1992 958 2022 P

126 2043 231 2064 versus
248 2032 284 2070 S)
307 2033 448 2062 omnium
462 2032 600 2067 minima,
625 2042 655 2062 et
669 2042 795 2070 corpore
812 2033 886 2070 Pin
901 2044 957 2072 op-

127 2075 278 2113 positione
305 2075 335 2104 B
357 2080 504 2111 versante,
527 2075 585 2105 erit
606 2074 778 2104 differentia
798 2073 851 2104 illa
876 2075 910 2105 K
926 2076 957 2106 L

126 2118 268 2147 omnium
292 2116 438 2147 maxima.
502 2116 584 2147 Cum
607 2123 710 2146 autem
734 2118 774 2147 ob
798 2116 956 2156 ingentem

124 2160 260 2198 corporis
283 2159 305 2189 S
326 2158 501 2189 distantiam
525 2160 576 2199 (ex
595 2158 699 2198 Hyp.)
723 2159 762 2188 sit
786 2158 851 2189 fere
877 2159 910 2189 K
927 2160 956 2190 L

125 2201 166 2232 ad
188 2202 209 2231 k
224 2202 236 2231 1
259 2207 296 2231 ut
312 2201 343 2231 A
361 2201 391 2231 T
404 2201 444 2231 ad
462 2202 490 2231 Τ
508 2202 536 2231 Β
554 2202 646 2242 (501)
668 2201 746 2231 ratio
760 2201 806 2230 vis
824 2202 957 2240 corporis

127 2244 156 2274 P
169 2244 204 2274 iu
222 2244 253 2274 A
269 2243 415 2274 versantis
428 2243 469 2274 ad
490 2244 551 2273 vim
576 2243 661 2274 illius
683 2243 718 2272 in
734 2244 763 2274 Β
779 2243 878 2283 positi,
903 2254 956 2275 ex-

124 2312 216 2351 primi
230 2311 280 2342 hic
300 2311 414 2351 poterit
436 2320 492 2351 per
512 2311 662 2342 rationem

127 2406 157 2436 A
175 2405 214 2443 T,
230 2405 270 2436 ,α
285 2433 315 2463 Τ
325 2381 358 2463 ¹13
369 2435 385 2452 ²

124 2475 274 2513 exprimat
287 2476 437 2510 rationem
451 2473 498 2505 vis
510 2475 659 2506 absolutae
676 2474 825 2505 trahentis
845 2484 956 2513 corpus

125 2517 155 2547 P
169 2527 274 2547 versus
289 2518 328 2554 T,
344 2517 383 2547 ad
397 2517 460 2546 vim
474 2518 646 2548 absolutam
667 2517 835 2548 ablatitiam
858 2517 891 2547 K
907 2516 952 2555 L)

122 2569 179 2589 seu
192 2559 371 2590 reductione
384 2559 425 2590 ad
439 2559 572 2589 eundem
587 2559 849 2590 denominatorem
864 2559 952 2593 facta.

124 2610 354 2657 perrationegr
378 2611 408 2640 T
436 2610 464 2640 B
492 2611 508 2628 ²
537 2615 570 2647 Χ
595 2613 754 2648 b—cx
775 2612 892 2648 AT2,
914 2611 955 2642 ad

126 2661 157 2691 A
175 2661 235 2691 T²
253 2666 286 2699 ><
304 2662 545 2697 b-cTB³,
565 2660 952 2701 quaeratioeomagisre-

123 2702 206 2733 cedit
219 2713 239 2733 a
258 2704 376 2734 ratione
399 2704 429 2734 T
447 2704 475 2734 B
491 2705 506 2722 ²
522 2702 562 2733 ad
580 2703 609 2733 A
627 2703 656 2733 T
668 2705 696 2740 ²,
720 2713 775 2733 seu
796 2703 953 2742 duplicata

123 2745 338 2775 distantiarum
353 2745 480 2782 inversa,
496 2755 559 2786 quo
571 2745 672 2785 magis
686 2745 764 2776 ratio
777 2746 955 2786 quantitatis

122 2788 201 2817 b—
215 2797 233 2816 c
249 2791 283 2824 Χ
307 2787 830 2828 AT³,adquantitatemb—c><
847 2789 954 2826 1¹3³,

123 2829 238 2859 recedit
252 2839 271 2858 a
283 2829 402 2859 ratione
415 2830 603 2866 aeoualitatis,
626 2840 682 2860 seu
706 2840 769 2871 quo
789 2831 892 2861 minor
911 2837 957 2861 est

126 2872 157 2901 A
175 2871 205 2901 T
218 2877 358 2909 respectu
377 2871 408 2902 T
424 2871 464 2908 B,
489 2871 584 2912 quare
605 2872 683 2902 dum
707 2873 790 2902 linea
814 2873 956 2912 apsidum

122 2919 169 2943 est
181 2913 215 2942 in
230 2913 361 2953 syzygiis
383 2913 424 2950 A,
444 2914 482 2948 Β,
507 2915 586 2945 ratio
607 2915 653 2944 vis
677 2915 773 2945 totius
796 2915 830 2944 in
849 2915 954 2954 apside

121 2955 244 2985 summi
257 2955 297 2985 ad
312 2956 374 2984 vim
389 2955 422 2984 in
436 2955 541 2994 apside
562 2956 625 2986 ima
645 2957 781 2987 maxime
798 2958 914 2988 recedit
937 2969 954 2987 a

121 2998 240 3028 ratione
253 2996 408 3036 duplicate
422 2997 633 3028 distantiarum
655 2999 786 3029 inverszi.
834 3000 874 3030 In
895 3001 954 3029 hoc

121 3039 218 3080 igitur
231 3039 320 3070 lineae
336 3039 478 3079 apsidum
492 3041 554 3071 situ
568 3040 688 3079 apsides
704 3041 860 3073 celerrime
883 3052 952 3081 pro-

690 2316 953 2369 AT2-'cx

403 2382 956 2448 -cxra,(sirat10b{2de

999 1481 1193 1523 grediuntur,
1209 1489 1334 1520 corpore
1350 1480 1379 1511 P
1393 1479 1425 1510 in
1439 1479 1570 1520 syzygiis
1590 1479 1639 1510 vel
1662 1490 1756 1520 prope
1780 1491 1830 1521 sy.

1001 1524 1104 1565 zygias
1127 1529 1274 1554 versante.
1331 1523 1420 1554 Dum
1443 1533 1516 1553 vero
1540 1532 1650 1561 corpus
1675 1523 1703 1553 P
1727 1529 1773 1553 est
1796 1525 1829 1554 in

998 1566 1192 1606 quadraturis
1208 1566 1246 1597 C.
1265 1566 1308 1602 D,
1323 1565 1359 1596 fit
1367 1565 1414 1595 vis
1427 1565 1456 1595 L
1470 1566 1506 1595 M
1519 1577 1564 1593 =
1579 1566 1604 1596 C
1617 1565 1655 1602 T,
1671 1565 1719 1595 vel
1733 1566 1764 1596 D
1780 1567 1827 1603 T;

1002 1608 1062 1639 Est
1075 1615 1179 1639 autem
1194 1618 1231 1638 ex
1247 1607 1357 1638 natura
1378 1607 1527 1646 ellipseos,
1543 1617 1665 1637 summa
1677 1607 1829 1638 linearum

1005 1651 1031 1681 C
1049 1652 1087 1687 T,
1106 1651 1139 1681 D
1157 1651 1194 1685 T,
1211 1651 1351 1680 omnium
1366 1649 1515 1686 minima3
1538 1648 1632 1689 quare
1655 1650 1687 1679 in
1710 1650 1829 1691 integra

1002 1693 1180 1765 353⁰ssss
1189 1691 1688 1765 Lfvssiiiffissiffdfflssiikc
1697 1693 1814 1774 mmmT'
1754 1693 1786 1723 ¹³
1799 1693 1831 1766 ἶ

1004 1777 1042 1813 P,
1065 1783 1096 1808 et
1110 1745 1266 1807 celerrixiae
1280 1745 1520 1817 progrediuntiir
1532 1776 1565 1805 in
1580 1776 1676 1815 ipsius
1690 1778 1829 1817 syzygiis,

1000 1825 1092 1860 atque
1107 1818 1185 1849 adeo
1199 1829 1340 1849 excessus
1355 1829 1533 1859 progressus
1547 1828 1640 1858 supra
1658 1829 1828 1860 regressum

1001 1862 1059 1891 erit
1073 1861 1105 1891 in
1119 1862 1178 1891 hoc
1192 1871 1264 1891 casu
1279 1861 1419 1891 omnium
1434 1860 1596 1896 maximus,
1620 1866 1650 1890 et
1664 1861 1783 1900 apsides
1797 1862 1830 1892 in

999 1903 1121 1944 integra
1141 1903 1275 1942 corporis
1292 1903 1320 1933 P
1333 1902 1524 1933 revolutione
1546 1902 1704 1934 celerrime
1726 1914 1830 1935 move-

999 1947 1116 1976 buntur
1130 1945 1164 1975 in
1179 1945 1405 1986 consequentia.
1450 1945 1502 1976 Ob
1523 1945 1688 1976 contrarias
1708 1956 1831 1985 prorsus

1001 1998 1118 2024 causas,
1134 1988 1159 2017 si
1173 1987 1255 2018 linea
1269 1988 1410 2027 apsidum
1425 1987 1458 2017 in
1473 1986 1666 2027 quadraturis
1674 1990 1772 2027 posita
1781 1989 1827 2025 sit,

996 2030 1120 2068 apsides
1140 2029 1329 2060 velocissime
1352 2029 1572 2070 regredientur,
1599 2040 1723 2069 corpore
1747 2031 1776 2061 P
1795 2032 1830 2061 in

998 2071 1192 2112 quadraturis
1206 2077 1353 2107 versante,
1370 2078 1400 2102 et
1414 2071 1583 2101 tardissime
1596 2073 1830 2112 progredientur

999 2123 1124 2152 corpore
1142 2114 1169 2143 P
1182 2113 1215 2142 in
1230 2113 1360 2152 syzygiis
1373 2113 1527 2146 existente,
1542 2119 1572 2144 et
1583 2124 1619 2143 ex
1631 2115 1688 2144 hac
1699 2115 1829 2155 utraque

999 2155 1091 2186 causa
1106 2155 1172 2185 fieri
1186 2155 1297 2194 poterit
1307 2163 1343 2185 ut
1353 2156 1387 2185 in
1397 2155 1517 2195 integra
1526 2156 1661 2194 corporis
1674 2157 1702 2186 P
1711 2158 1827 2187 circum

1002 2198 1031 2228 T
1046 2197 1243 2233 revolutione,
1260 2207 1416 2237 regressus
1429 2197 1570 2236 apsidum
1584 2204 1705 2236 superet
1720 2209 1828 2229 eorum

999 2250 1205 2280 progressum,
1220 2238 1410 2281 proindeque
1424 2245 1460 2270 ut
1473 2239 1592 2278 apsides
1602 2240 1636 2269 iu
1646 2241 1828 2271 anteceden-

1000 2282 1043 2312 tia
1057 2283 1213 2319 fcrantur3
1237 2281 1290 2312 sed
1303 2283 1459 2322 quoniam,
1486 2282 1603 2312 caeteris
1626 2282 1759 2321 paribus,
1783 2284 1828 2314 vis

999 2324 1135 2355 ablatitia
1150 2324 1184 2355 K
1200 2324 1230 2354 L
1244 2334 1315 2364 quae
1329 2334 1523 2364 progressum
1537 2323 1672 2362 apsidem
1693 2325 1726 2354 in
1741 2335 1827 2365 syzy-

996 2366 1059 2407 giis
1083 2366 1216 2406 corporis
1243 2366 1271 2396 Ρ
1298 2366 1419 2406 inducit
1443 2372 1491 2398 est
1518 2366 1611 2406 (500)
1642 2366 1707 2397 fere
1731 2367 1828 2407 duplo

998 2409 1097 2450 major
1110 2409 1140 2438 vi
1153 2408 1306 2449 adjectitia
1322 2408 1351 2438 L
1367 2409 1406 2438 M
1421 2418 1490 2450 quae
1505 2408 1645 2447 apsidum
1654 2419 1827 2449 regressum

998 2451 1031 2481 in
1045 2450 1238 2491 quadraturis
1249 2450 1386 2490 corporis
1402 2450 1430 2480 P
1443 2450 1594 2490 producit,
1616 2461 1742 2482 excessu
1755 2462 1827 2491 pro-

995 2493 1120 2533 gressus
1135 2492 1228 2532 supra
1241 2502 1424 2533 tegre-sum,
1448 2492 1568 2531 apsides
1589 2494 1828 2534 progrediuntur

996 2537 1030 2565 iu
1044 2533 1162 2576 integra
1177 2535 1226 2565 sui
1239 2535 1430 2565 revolutione
1445 2535 1560 2565 circum
1578 2535 1617 2570 T,
1639 2536 1696 2566 hoc
1711 2542 1766 2573 est,
1789 2547 1828 2568 eo

997 2583 1133 2616 tempore
1155 2587 1217 2617 quo
1235 2577 1354 2616 apsides
1368 2587 1406 2608 ex
1422 2566 1452 2608 T
1465 2577 1538 2606 visae
1552 2588 1658 2608 omnes
1673 2588 1745 2608 cum
1759 2589 1826 2608 cor.

995 2630 1072 2659 pore
1087 2621 1117 2656 S,
1133 2625 1274 2658 aspectus
1287 2618 1439 2657 subeunt,
1461 2626 1592 2660 augetur
1605 2618 1677 2650 vero
1687 2631 1827 2661 progres-

997 2673 1050 2693 sus
1062 2662 1125 2698 ille,
1141 2662 1166 2691 si
1180 2671 1307 2700 corpora
1323 2657 1351 2692 P
1365 2669 1397 2692 et
1413 2663 1434 2693 S
1445 2662 1479 2692 in
1493 2662 1557 2692 suis
1570 2663 1676 2692 orbitis
1689 2663 1826 2694 ferantur

996 2705 1030 2734 in
1044 2704 1173 2735 eandem
1187 2703 1310 2744 plagam
1322 2715 1333 2742 ;
1356 2703 1398 2735 In
1411 2703 1468 2734 hac
1483 2704 1565 2734 enim
1579 2705 1749 2744 hypothesi,
1773 2716 1827 2745 ap-

995 2747 1077 2777 sides
1091 2746 1207 2777 diutius
1220 2746 1339 2777 haerent
1351 2746 1384 2776 iu
1400 2746 1530 2787 syzygiis
1544 2757 1638 2786 quam
1651 2747 1685 2776 in
1695 2747 1827 2788 quadra-

997 2789 1083 2824 turis,
1100 2788 1172 2829 quia
1186 2788 1219 2817 in
1229 2788 1360 2828 syzygiis
1370 2788 1609 2828 progrediuntur
1619 2799 1691 2819 cnm
1702 2799 1828 2829 corpore

1002 2832 1034 2865 S,
1052 2837 1145 2872 atque
1158 2829 1236 2860 adeo
1250 2830 1367 2861 diutius
1381 2830 1460 2860 illud
1474 2831 1560 2870 quasi
1575 2831 1769 2868 comitantur,
1792 2833 1824 2864 i!

999 2873 1191 2914 quadraturis
1204 2871 1276 2902 vero
1289 2871 1431 2903 feruntur
1443 2873 1476 2902 in
1490 2873 1701 2904 antecedentia
1713 2881 1746 2905 et
1758 2884 1826 2906 cor-

996 2916 1078 2954 poris
1105 2916 1127 2945 S
1155 2915 1187 2944 in
1216 2915 1432 2955 consequentia
1459 2915 1642 2945 revolventis
1668 2922 1824 2956 aspectum

997 2957 1181 2997 quadratum
1196 2956 1290 2986 veluti
1314 2957 1459 2997 fugium3
1481 2957 1566 2988 unde
1590 2958 1626 2988 fit
1646 2967 1684 2988 ut
1706 2959 1823 2998 apsides

997 2999 1114 3028 diutius
1128 2998 1362 3039 progrediantur
1375 2999 1407 3028 in
1429 2999 1559 3040 syzygiis
1580 3001 1644 3031 suis
1663 3011 1757 3043 quam
1777 3012 1821 3033 re·

996 3041 1180 3081 grediuntur
1193 3041 1226 3071 in
1241 3041 1304 3072 suis
1318 3041 1520 3082 quadraturis
