2086 3542
248 237 334 276 264
651 228 1100 274 PHILOSOPHIAE
1130 231 1490 278 NATURALIS

1576 236 1722 287 [Mor.
1745 237 1946 282 Coma.

245 353 282 396 C
317 354 358 394 V
391 352 439 394 efi
472 364 567 393 cum
600 348 815 391 velocitate
848 349 1003 391 revolvi
1035 357 1177 404 posset
1215 365 1340 407 quam
1374 366 1524 407 corpus
1559 353 1604 394 in
1639 353 1773 409 ellipsi
1811 355 1957 398 revol-.

238 438 338 470 vens
366 423 490 465 habet
520 422 563 463 in
594 421 646 472 V,
683 429 746 463 est
779 420 834 463 ad
867 421 951 463 vim
985 421 1065 476 qus
1100 436 1250 477 corpus
1283 422 1328 464 in
1359 422 1492 478 ellipsi
1523 425 1740 467 revolvens
1774 434 1947 482 urgetm·

238 493 282 535 in
311 493 453 550 apside
483 492 536 543 V,
573 499 620 534 ut
650 492 867 533 dimidium
900 492 1040 534 lateris
1073 493 1177 535 recti
1204 493 1394 549 ellipseos
1427 495 1483 536 ad
1510 494 1653 555 circuli
1687 495 1944 543 semidiame-

237 613 348 647 trum
384 604 421 647 C
451 604 504 656 V,
535 604 712 660 ideoque
745 604 854 645 valet
887 562 1125 670 CRVFOEE·:
1156 611 1199 646 et
1216 605 1289 657 vis,
1319 620 1413 662 quae
1441 608 1495 650 sit
1522 608 1574 651 ad
1602 608 1711 652 hanc
1739 618 1787 653 ut
1821 610 1864 653 G
1899 604 1944 655 G

235 755 294 764 -
315 731 351 773 F
373 731 408 772 F
443 727 496 771 ad
524 730 561 771 F
583 730 632 781 F,
654 729 763 770 valet
785 686 1213 796 R———GLPV'ZJJ‘F
1175 687 1238 771 F:

236 835 380 884 estque
413 826 506 868 haec
538 826 598 867 vis
629 828 722 881 (per
750 824 874 880 hujus
906 822 1048 866 Corol.
1076 824 1132 877 1.)
1162 824 1239 866 dif-
1339 844 1361 862 ,ν

234 898 408 941 ferentia
426 897 576 938 virium
595 896 640 937 in
660 895 869 951 unibus
889 909 1039 949 corpus
1061 894 1097 937 P
1115 892 1162 937 in
1181 896 1241 938 el-

234 969 330 1024 lipsi
350 966 520 1009 immota
540 967 579 1008 V
603 967 640 1008 P
662 965 718 1016 K,
742 973 784 1007 et
802 979 953 1020 corpus
972 979 1001 1019 p
1031 965 1075 1007 in
1104 966 1240 1022 ellipsi
1293 992 1303 1003 .

237 1039 384 1082 mobili
404 1054 433 1081 u
451 1054 481 1094 p
501 1039 530 1080 k
550 1038 831 1079 revolvuntur.
892 1036 1019 1078 Unde
1032 1035 1127 1078 cum
1149 1041 1240 1093 (per

195 1121 198 1127 ¹
235 1111 344 1153 hanc
366 1111 512 1166 Prop.)
544 1109 776 1151 differentia
804 1108 876 1148 illa
905 1107 950 1147 in
981 1106 1060 1148 alifi
1097 1108 1239 1164 quavis

235 1181 450 1224 altitudine
486 1181 528 1222 A
559 1179 613 1221 sit
647 1178 701 1220 ad
735 1177 912 1233 seipsam
945 1175 990 1218 in
1023 1176 1241 1220 altitudine

496 1257 514 1294 1
768 1253 787 1290 l

796 1302 905 1324 -,
942 1272 1088 1314 eadem
1123 1273 1243 1318 diffe-
1308 1247 1320 1267 Ἰ

238 1294 274 1336 C
302 1294 342 1336 V
362 1302 409 1337 ut
428 1311 471 1362 'A
492 1319 586 1360 cub.
608 1291 662 1333 ad
680 1317 717 1359 C
740 1316 776 1356 V
797 1316 891 1357 cub.

235 1391 370 1434 rentia
426 1390 471 1432 in
531 1388 645 1430 omni
704 1385 922 1428 altitudine
986 1386 1028 1428 A
1087 1387 1243 1431 valebit

239 1460 684 1528 RQ.
765 1483 900 1541 Igitur
930 1482 984 1525 ad
1017 1482 1100 1525 vim
1130 1459 1239 1535 Η,

378 1531 419 1571 A
440 1529 535 1569 cub.
1130 1530 1169 1568 A
1186 1530 1225 1568 A

236 1599 317 1658 quii
338 1614 487 1655 corpus
509 1598 665 1641 revolvi
695 1604 833 1653 potest
863 1597 909 1638 in
943 1597 1076 1652 ellipsi
1111 1597 1313 1640 immobili
1333 1599 1375 1641 V
1396 1599 1433 1641 P
1450 1599 1506 1651 K,
1543 1599 1719 1641 addatur
1753 1613 1944 1643 excessus

239 1670 670 1737 Q
683 1711 695 1745 3
727 1702 769 1737 et
804 1701 1082 1749 componetur
1112 1694 1174 1736 vis
1203 1702 1292 1737 tota
1321 1670 1415 1734 PE
1441 1702 1484 1746 -Ι-
1517 1670 1944 1737 Q

384 1739 422 1779 A
438 1738 532 1779 cub.
1322 1740 1360 1778 A
1371 1739 1412 1778 A
1651 1737 1693 1777 A
1713 1737 1807 1779 cub.

237 1809 318 1867 quii
339 1823 489 1864 corpus
509 1808 553 1848 in
573 1807 707 1863 ellipsi
727 1806 872 1848 mobili
891 1821 919 1847 u
938 1820 967 1860 p
987 1805 1018 1846 k
1036 1805 1184 1847 iisdem
1204 1807 1459 1862 temporibus
1480 1807 1635 1848 revolvi
1653 1807 1797 1862 possit.

298 1881 427 1923 Corol.
460 1885 497 1921 3.
530 1878 573 1933 (¹)
605 1877 676 1919 Ad
696 1877 876 1919 eundem
895 1875 1067 1917 modum
1099 1877 1319 1935 colligetur
1351 1877 1477 1934 quod,
1511 1878 1547 1920 si
1581 1877 1691 1919 orbis
1722 1878 1944 1923 immobilis

238 1979 368 2003 arcuum
386 1969 450 2000 sive
473 1967 592 1999 inverse
620 1974 657 1999 ut
685 1968 764 1998 vires
793 1967 962 2004 centrales;
991 1967 1073 1998 latus
1116 1967 1187 1998 dem
1202 1974 1340 2007 tempore
1355 1967 1498 2007 descripti
1511 1968 1558 1998 illi
1583 1979 1671 1999 arcus
1686 1977 1778 2000 erunt
1801 1970 1944 2010 oequalen,

238 2020 358 2045 rectum
373 2012 481 2043 circuli
494 2017 541 2042 est
554 2011 621 2050 ipsa
642 2011 801 2047 diameter,
828 2020 902 2051 ergo
922 2009 1076 2040 sumendo
1116 2012 1156 2040 ob
1172 2011 1304 2051 aequales
1319 2011 1505 2047 velocitates,
1522 2017 1554 2041 et
1577 2021 1685 2041 eorum
1710 2012 1830 2052 sagittae
1853 2019 1946 2047 erunt

239 2056 403 2087 dimidium
439 2054 600 2094 utriusque
628 2053 732 2083 lateris
760 2052 836 2083 recti
864 2060 911 2083 est
938 2053 982 2083 vis
1011 2050 1074 2092 qud
1116 2058 1153 2083 ut
1166 2052 1245 2083 vires
1258 2053 1408 2084 centrales
1433 2054 1545 2094 quibus
1568 2063 1695 2093 corpora
1719 2054 1752 2083 in
1777 2054 1892 2086 circulo
1913 2061 1945 2086 et

239 2109 346 2138 coryms
360 2100 394 2129 in
408 2097 502 2137 ellipsi
515 2098 665 2127 revolvens
680 2102 818 2136 urgetur,
834 2095 891 2126 &c.
941 2093 1077 2134 Reliqua
1119 2095 1219 2134 ellipsi
1247 2095 1419 2126 retinentur
1450 2098 1519 2136 (per
1546 2096 1618 2127 Cor.
1638 2099 1667 2127 4.
1695 2095 1788 2136 Ptop.
1808 2096 1878 2136 1.);
1909 2097 1944 2129 in

240 2139 460 2172 demonstratio
475 2144 520 2169 est
534 2138 636 2177 plana.
1119 2137 1275 2177 ellipsibus
1300 2144 1404 2168 autem
1433 2137 1558 2168 diversis
1584 2139 1630 2180 (et
1657 2138 1696 2169 iis
1723 2135 1944 2171 annumeratur

283 2197 321 2239 (¹)
345 2197 399 2227 Aa
422 2197 552 2227 cundem
577 2195 713 2231 modum,
729 2194 786 2225 διο.
834 2194 867 2225 si
885 2202 1003 2232 corpus
1025 2202 1075 2222 re-

240 2240 381 2271 volvatur
409 2238 443 2268 in
471 2236 571 2276 ellipsi
600 2236 630 2265 vi
660 2235 829 2275 centripeta
857 2236 1002 2266 tendente
1030 2234 1071 2266 ad

240 2289 383 2313 centrum
409 2279 558 2318 ellipseos
585 2278 633 2308 vis
660 2278 802 2309 centralis
825 2284 870 2309 est
897 2275 1011 2308 directe
1035 2282 1072 2307 ut

240 2323 385 2355 distantia
398 2333 417 2353 a
431 2327 551 2358 centro,
565 2320 697 2361 ideoque
718 2321 776 2351 erit
798 2321 924 2361 aequalis
948 2319 1071 2360 quanti-

169 2366 173 2370 ’
239 2367 295 2397 tati
309 2364 461 2397 constanti
484 2362 698 2402 multiplicatas
721 2373 777 2403 per
799 2363 975 2394 distantiam
1003 2363 1072 2403 (per

243 2410 337 2448 Prop-
358 2407 432 2447 X.),
449 2406 548 2446 posito
564 2410 584 2437 2
601 2406 629 2436 Τ
643 2416 698 2445 pro
713 2416 769 2436 axe
782 2411 952 2436 transverso
966 2410 997 2434 et
1007 2407 1025 2434 2
1042 2405 1073 2435 R

1049 2446 1061 2458 η

240 2486 298 2517 pro
311 2476 405 2507 latere
419 2481 511 2510 recto,
539 2473 578 2504 sit
592 2484 630 2505 ea
653 2474 808 2514 quantitas
833 2479 974 2504 constans
989 2447 1061 2497 Q

1002 2494 1071 2531 '1¹³’

240 2568 453 2601 visinVerit
473 2542 502 2572 F
518 2541 646 2624 Ἑζὸο
662 2541 920 2610 ννειςιιοῃξωι
941 2567 968 2599 c
985 2567 1075 2598 V=

243 2664 280 2701 T.
297 2663 355 2694 erit
368 2635 494 2720 {Es-in
518 2660 586 2692 aliis
610 2659 684 2692 vero
708 2660 852 2692 omnibus
875 2659 1001 2700 punctis
1020 2659 1079 2690 erit

243 2731 271 2762 F
288 2731 315 2762 F
332 2735 365 2769 Χ
383 2731 414 2761 Α

300 2784 329 2815 Τ
343 2786 358 2807 3

289 2835 336 2866 Sit
350 2845 462 2874 eorpus
478 2835 511 2865 in
526 2834 643 2866 circulo
656 2834 816 2865 revolvens
835 2833 916 2864 circa
936 2837 1078 2863 centrum

249 2877 276 2908 C
290 2877 330 2907 ad
344 2877 520 2908 distantiam
537 2878 564 2908 C
581 2877 622 2914 V,
638 2877 775 2917 qualibet
788 2876 819 2906 vi
833 2874 1007 2915 centripeta.
1023 2874 1079 2905 sed

246 2918 298 2949 mli
315 2925 350 2948 ut
375 2919 482 2949 eadem
507 2919 667 2950 velocitate
690 2919 807 2949 seratur
828 2917 890 2958 quii
912 2926 1022 2956 eorpus
1041 2916 1076 2946 in

245 2960 347 3009 ellipsi
371 2961 468 2990 latum
484 2968 614 3010 urgetur
629 2961 662 2991 in
677 2960 869 3009 extremitate
890 2959 956 2990 axis
976 2965 1077 2990 tmus-

249 3012 333 3036 vem.
350 3009 513 3033 sumantur
528 3014 560 3033 m
576 3014 613 3033 eo
638 3003 753 3034 clrculo
773 3009 804 3033 et
825 3012 859 3032 m
884 3006 1074 3033 extrexmtate

246 3045 314 3074 axis
326 3045 487 3076 transversi
502 3045 642 3085 cllipseos
667 3055 757 3076 arcus
779 3043 995 3085 quamminimi
1020 3053 1072 3075 co—

1116 2180 1266 2220 circulus)
1286 2180 1319 2210 in
1345 2179 1456 2220 quibus
1480 2179 1526 2210 vis
1548 2180 1716 2220 ceutripetn
1739 2179 1780 2211 ad
1803 2186 1944 2216 centrum

1116 2218 1283 2259 tendit,'in
1307 2221 1458 2252 distantiis
1479 2222 1647 2263 aequalibus
1667 2233 1687 2252 a
1710 2228 1825 2260 centro,
1848 2222 1944 2263 dupla

1113 2264 1262 2305 quadrata
1289 2264 1363 2296 facti
1390 2264 1497 2295 axium
1521 2270 1594 2295 sunt
1617 2263 1736 2296 inverse
1763 2271 1800 2296 ut
1823 2266 1943 2306 sagitt·

1112 2317 1208 2348 quam
1226 2307 1358 2337 minimo
1371 2312 1511 2346 tempore
1525 2306 1694 2346 descriptae,
1718 2312 1751 2338 et
1771 2306 1886 2339 dimne
1906 2315 1944 2339 ut

1112 2349 1260 2390 quadrata
1287 2358 1427 2380 arearum
1452 2348 1525 2379 dato
1554 2355 1692 2388 tempore
1724 2348 1942 2389 descriptarum

1116 2395 1185 2434 (per
1199 2397 1308 2422 constr.
1330 2391 1424 2431 Prop-
1443 2390 1514 2430 X.)‚
1529 2390 1603 2422 cum
1616 2400 1690 2432 ergo
1711 2390 1761 2421 hie
1782 2397 1944 2423 sumantur

1115 2444 1205 2465 arcus
1224 2433 1357 2474 aequales
1370 2439 1402 2464 et
1421 2432 1686 2473 perpendiculares
1709 2432 1743 2462 in
1766 2431 1881 2464 lineam
1902 2434 1943 2466 ad

1116 2482 1259 2508 centrum
1286 2476 1422 2512 ductam,
1459 2481 1491 2506 et
1520 2474 1673 2506 distantiae
1707 2485 1726 2506 n
1753 2481 1858 2506 centm
1881 2476 1944 2508 sint

1118 2518 1259 2559 aequales,
1276 2518 1339 2548 illae
1352 2527 1431 2548 aneae
1443 2517 1589 2557 utrinque
1602 2523 1676 2548 sunt
1699 2517 1842 2558 aequales,
1869 2528 1945 2559 ergo

1118 2560 1237 2601 sagittae
1251 2569 1380 2591 arcuum
1394 2559 1429 2590 in
1443 2559 1543 2599 ellipsi
1566 2564 1598 2590 et
1609 2559 1644 2590 in
1657 2559 1774 2590 cix-mlo
1797 2565 1871 2590 sunt
1893 2560 1944 2591 in-

1118 2602 1203 2634 verse
1217 2608 1253 2633 ut
1265 2602 1331 2642 ipsa
1343 2601 1492 2642 quadrata
1504 2601 1578 2632 facti
1590 2601 1707 2637 axium,
1722 2611 1777 2632 seu
1791 2601 1865 2643 quia
1877 2602 1944 2634 axis

1117 2651 1306 2676 transversus
1331 2644 1472 2684 ellipseos
1499 2649 1531 2674 et
1557 2643 1665 2675 circuli
1689 2643 1837 2678 diameter.
1860 2645 1943 2677 idem

1119 2692 1202 2724 sunt,
1219 2687 1339 2728 sagittae
1353 2696 1482 2717 arcuum
1497 2686 1531 2716 in
1553 2685 1653 2726 ellipd
1676 2691 1708 2717 et
1732 2686 1847 2717 circuio
1870 2693 1944 2719 sum

1118 2728 1237 2760 inverse
1249 2735 1287 2760 ut
1300 2728 1483 2770 quadratum
1496 2727 1561 2759 axis
1574 2728 1731 2769 conjugati
1751 2728 1791 2759 ad
1813 2728 1944 2770 quadru-

1120 2777 1188 2803 tum
1202 2770 1374 2808 transversi,
1388 2769 1452 2802 sive
1465 2769 1583 2802 inverse
1606 2776 1643 2801 ut
1662 2771 1743 2801 latus
1762 2778 1882 2802 rectum
1903 2771 1943 2805 «l

1121 2824 1211 2846 axem
1225 2820 1516 2854 musversum‚ergo
1532 2816 1551 2844 2
1568 2813 1598 2844 Τ
1612 2825 1620 2844 :
1640 2817 1659 2844 2
1678 2813 1709 2844 R
1725 2813 1802 2855 (sive
1818 2814 1848 2845 T
1865 2825 1874 2845 ι
1894 2813 1942 2854 R)

1119 2895 1165 2912 =
1187 2855 1223 2939 ,ξ
1234 2856 1267 2940 ,ξ
1285 2892 1295 2919 ;
1329 2880 1369 2911 ad
1393 2880 1457 2910 vim
1480 2880 1514 2910 in
1539 2879 1655 2912 circulo
1679 2891 1748 2922 qum
1770 2883 1871 2926 itaque
1884 2885 1942 2924 erit

1122 2949 1153 2981 R
1170 2954 1203 2987 χ
1225 2950 1250 2980 F
1267 2949 1294 2997 F-
1308 2972 1362 3004 sed
1376 2974 1442 3004 haec
1455 2973 1500 3003 vis
1514 2979 1559 3005 est
1573 2974 1612 3005 ad
1621 2974 1822 3007 differentiam
1833 2974 1944 3009 virium

1116 3042 1150 3072 in
1164 2999 1238 3073 0in
1251 3041 1357 3072 mobili
1379 3047 1410 3072 et
1432 3041 1590 3078 immobili,
1613 3048 1650 3073 ut
1666 3042 1692 3074 F
1710 3042 1737 3074 F
1750 3043 1790 3076 ad
1805 3044 1838 3076 G
1856 3043 1888 3076 G
1900 3060 1945 3073 -ι
