2086 3542
288 253 369 290 354
683 248 1131 292 PHILOSOPHIAE
1165 249 1523 292 NATURALIS
1619 249 1767 301 [Mo'r.
1781 248 1977 291 Conpon.

284 363 392 405 rium
413 364 637 406 secundum
661 366 957 420 Propositionis
979 366 1144 408 LVIII.
1167 366 1361 417 collatum
1381 380 1475 406 cum
1494 365 1782 407 demonstratis
1797 365 1842 405 in
1857 355 1984 425 Prop.

284 435 452 478 LXIV.
474 446 516 478 ct
538 437 676 478 LXV.
738 439 1008 480 Perturbatur
1028 439 1102 479 iste
1122 446 1258 479 motus
1276 438 1477 493 ellipticus
1497 438 1794 494 aliquantulum
1811 451 1888 492 per
1901 437 1985 480 dis-
2003 442 2007 448 ‘

282 509 453 550 tantiam
473 510 603 551 centri
623 509 799 551 duorum
819 526 844 551 a
863 518 1017 560 centro,
1033 510 1076 550 in
2037 511 2040 515 ’

283 576 395 632 quod
414 577 580 618 tertium
602 577 632 619 S
652 577 880 621 attrahitur.
940 578 1078 620 Detur

283 656 484 701 praeterea
521 656 656 690 motus
698 649 904 689 communi
952 649 1077 689 trium
1146 670 1174 711 s

282 730 437 774 centro,
478 731 520 765 et
557 723 788 780 augebitur
811 722 1077 776 perturbatio.

283 791 465 835 Proinde
502 793 672 835 minima
710 799 772 834 est
809 792 1077 846 perturbatio,

282 863 353 905 ubi
371 876 589 905 commune
619 864 744 905 trium
773 871 959 905 centrum
988 863 1078 918 qui-

281 936 406 985 escit,
437 935 517 976 hoc
537 943 612 986 est,
634 935 705 977 ubi
722 949 871 989 corpus
886 934 1077 975 intimum

283 1013 325 1047 et
343 1007 569 1047 maximum
592 1007 633 1047 T
652 1006 744 1062 lege
765 1014 1008 1047 caeterorum
1028 1004 1269 1046 attrahitur:
1301 1004 1428 1059 fitque
1448 1005 1579 1059 major
1594 1017 1766 1058 semper,
1782 1003 1855 1044 ubi
1866 1003 1989 1044 trium

287 1082 507 1119 commune
527 1077 630 1119 illud
650 1087 852 1128 centrum,
886 1076 930 1139 (f)
951 1077 1177 1118 minuendo
1195 1084 1355 1118 motum
1375 1077 1558 1131 corporis
1578 1073 1633 1127 T,
1658 1077 1814 1123 moveri
1833 1076 1990 1131 incipit,

284 1155 325 1188 et
345 1148 478 1204 magis
499 1147 696 1203 deinceps
714 1147 927 1205 magisque
935 1141 1137 1205 J'agitatur.

347 1221 475 1261 Corol.
508 1220 565 1261 Et
583 1216 694 1271 hinc,
716 1221 751 1262 si
772 1207 946 1275 corpora
974 1220 1096 1276 plura
1125 1221 1286 1262 minora
1316 1221 1580 1263 revolvantur
1611 1221 1719 1262 circa
1751 1214 1989 1274 meximum,

282 1290 481 1348 colligere
501 1290 598 1332 licet
629 1290 742 1346 quod
774 1290 922 1331 orbitae
952 1290 1169 1345 descriptae
1197 1291 1367 1346 propius
1399 1291 1596 1332 accedent
1626 1291 1680 1332 ad
1711 1291 1920 1347 ellipticas3
1952 1301 1994 1334 et

282 1375 471 1402 arearum
492 1352 790 1415 descriptiones
822 1360 925 1401 fient
955 1361 1087 1417 magis
1123 1360 1360 1417 aequabiles,
1396 1361 1430 1401 si
1465 1375 1639 1416 corpora
1669 1362 1808 1403 omnia
1840 1363 1993 1404 viribus

281 1431 647 1482 acceleratricibus,
669 1446 762 1487 quae
783 1439 879 1472 sunt
898 1439 945 1472 ut
964 1446 1106 1472 eorum
1127 1431 1233 1472 vires
1255 1430 1453 1472 absolutae
1469 1431 1621 1472 directe
1638 1439 1679 1472 et
1695 1432 1893 1487 quadrata
1905 1433 1991 1474 *dis-

281 1504 502 1545 tantiarum
522 1503 696 1554 inverse,
720 1519 763 1545 se
783 1512 928 1546 mutuo
947 1503 1114 1546 trahant
1133 1504 1383 1561 agitentque,
1406 1511 1446 1544 et
1466 1504 1612 1544 orbitae
1633 1505 1826 1560 cujusque
1857 1505 1992 1547 umbi-

281 1573 389 1617 licus
407 1575 635 1617 collocetur
655 1575 699 1615 in
723 1576 931 1616 communi
952 1583 1095 1617 centro
1124 1575 1332 1631 gravitatis
1361 1588 1583 1629 corporum
1612 1574 1794 1615 omnium
1826 1575 1993 1617 interio-

280 1660 373 1686 rum
407 1650 426 1698 [
444 1647 495 1700 (g)
519 1646 717 1687 nimirum
738 1646 954 1687 umbilicus
976 1646 1121 1686 orbitae
1140 1646 1286 1700 prim‘ae
1307 1653 1348 1686 et
1367 1645 1522 1688 intimae
1541 1645 1584 1685 in
1614 1653 1756 1696 centro
1783 1646 1994 1702 gravitatis

281 1717 468 1770 corporis
492 1716 664 1757 maximi
685 1724 727 1757 et
746 1716 906 1765 intimi3
937 1716 1005 1756 ille
1026 1715 1171 1756 orbitae
1193 1715 1396 1765 secund'ae,
1427 1715 1471 1755 in
1492 1715 1699 1756 communi
1729 1724 1870 1756 centro
1898 1731 1994 1773 gra-

283 1786 417 1826 vitatis
438 1799 662 1840 corporum
684 1785 860 1826 duorum
883 1786 1148 1834 intimorum3
1178 1786 1252 1826 iste
1273 1785 1416 1834 tertiae,
1448 1785 1491 1824 in
1511 1785 1718 1824 communi
1738 1793 1880 1826 centro
1898 1796 1992 1842 'gra-

282 1855 415 1896 vitatis
435 1847 565 1897 trium
586 1855 855 1904 interiorum3
884 1863 928 1896 et
948 1856 1005 1895 sic
1026 1855 1240 1909 deinceps]
1271 1869 1394 1909 quam
1415 1854 1450 1895 si
1470 1868 1618 1908 corpus
1638 1855 1828 1896 intimum
1857 1857 1991 1912 quies-

282 1932 349 1966 cat
370 1932 411 1966 et
432 1932 635 1967 statuatur
655 1926 883 1967 communis
904 1927 1119 1968 umbilicus
1140 1927 1366 1968 orbitarum
1386 1926 1582 1967 omnium.
1975 1933 1980 1937 ’

530 2107 906 2152 PROPOSITIO
937 2110 1111 2153 LXIX.
1173 2109 1532 2152 THEOREMA
1563 2111 1744 2153 XXIX.

279 2220 329 2261 Ia
350 2227 550 2275 systemate
569 2236 770 2275 corporum
783 2217 972 2277 plurium,
996 2224 1049 2273 A,
1074 2224 1124 2272 B,
1149 2223 1197 2275 C,
1221 2223 1277 2273 D,
1300 2224 1375 2265 διο.
1404 2225 1441 2264 sz‘
1468 2237 1604 2277 corpus
1622 2225 1784 2278 aliquod
1802 2228 1844 2267 A
1862 2227 1988 2268 trahit

336 2299 476 2333 coetera
497 2295 628 2334 omnia
651 2294 701 2344 B,
734 2294 783 2345 C,
808 2295 864 2346 D,
886 2297 961 2337 &c.
992 2296 1138 2337 viribus
1155 2295 1488 2337 acceleratricz‘bus
1516 2310 1603 2350 quae
1620 2303 1709 2338 sunt
1726 2295 1918 2351 reciproce*
1944 2305 1988 2339 ut

281 2420 425 2460 legantur
442 2420 673 2460 Propositiones
688 2425 739 2452 64.
759 2425 809 2453 65.
838 2422 1039 2453 Perturbatur
1060 2422 1117 2453 iste

280 2469 385 2492 motus
414 2463 567 2502 ellipticus
596 2463 823 2504 aliquantulum
853 2475 907 2503 per
943 2465 1117 2502 distantiam

281 2504 378 2534 centri
397 2505 436 2540 O,
454 2505 589 2535 duorum
607 2505 635 2536 P
651 2512 682 2536 et
698 2507 726 2536 T
740 2517 759 2537 a
775 2513 880 2536 centro
894 2507 927 2536 in
949 2507 1034 2546 quod
1055 2513 1116 2537 ter-

281 2547 359 2576 tium
387 2547 409 2577 S
431 2547 572 2577 trahitur.
629 2549 733 2580 Detur
753 2549 901 2588 pra-terea
927 2555 1026 2580 motus
1051 2559 1115 2579 non

281 2588 443 2618 uniformis
466 2589 499 2618 in
525 2589 677 2619 directum
702 2593 858 2621 communi
883 2593 977 2622 trium
1002 2597 1114 2639 centro,

284 2630 381 2671 (quod
407 2631 575 2672 continget,
606 2631 632 2660 si
657 2641 769 2671 corpus
791 2632 937 2663 intimum
962 2639 993 2663 et
1017 2633 1115 2663 maxi-

282 2682 369 2702 mum
387 2673 426 2709 T,
443 2673 513 2714 lege
534 2680 715 2703 caeterorum
739 2684 802 2705 non
824 2675 993 2711 attrahitur,
1018 2681 1055 2705 ut
1078 2685 1116 2704 ex

280 2714 372 2745 dict-is
393 2716 490 2755 patet)
514 2722 542 2746 et
571 2717 732 2755 augebitur
755 2718 952 2756 percurbatio,
975 2716 1113 2757 proinde,

281 2757 338 2786 &c.

325 2798 365 2847 (Ἷ
390 2801 407 2819 ⁴
431 2801 600 2831 Minuendo
615 2806 731 2831 motum
745 2802 876 2841 corporis
894 2802 929 2836 T,
942 2801 997 2830 διο.
1042 2799 1114 2835 Qua

281 2839 398 2870 ratione
414 2841 450 2871 fit
463 2847 500 2872 ut
508 2849 646 2872 centrum
659 2852 824 2873 commune
833 2842 926 2873 trium
939 2852 1112 2880 corporum,

283 2881 399 2912 interea
414 2883 490 2913 dum
505 2893 631 2923 corpora
648 2884 669 2914 S
684 2890 715 2914 et
731 2885 757 2914 Ρ
771 2891 942 2921 moventur,
965 2894 1049 2914 nunc
1063 2894 1113 2914 ac-

283 2923 372 2954 cedat
385 2925 422 2954 ad
439 2935 549 2964 corpus
565 2927 594 2956 T
608 2936 692 2956 nunc
707 2928 745 2956 ab
760 2927 815 2957 illo
829 2926 956 2961 recedat,
973 2936 1029 2965 pro
1043 2936 1113 2956 mu-

1157 2432 1194 2453 ac
1208 2422 1308 2463 magis
1319 2421 1464 2462 deinceps
1478 2422 1643 2463 agitabitur
1662 2429 1803 2454 centrum
1823 2434 1986 2478 comune

1158 2465 1314 2505 gravitatis
1327 2465 1421 2494 trium
1436 2475 1607 2504 corpomm.

1203 2507 1247 2548 (ὅ)
1274 2509 1290 2526 ⁰
1315 2509 1478 2538 Nimirum
1492 2509 1650 2538 umbilicus
1664 2509 1764 2539 orbita
1774 2509 1883 2548 pn‘mae
1895 2515 1925 2540 e!
1929 2511 1986 2544 ⁴(n-

1157 2550 1248 2586 timae,
1264 2559 1355 2589 quam
1372 2559 1398 2579 v.
1417 2559 1463 2589 gr.
1480 2559 1590 2589 corpus
1603 2559 1732 2588 parvum
1755 2549 1784 2580 P
1803 2550 1854 2580 hic
1874 2549 1986 2583 descri-

1157 2591 1250 2622 bit-in
1265 2597 1365 2622 centro
1378 2593 1534 2631 gravitatis
1548 2603 1673 2631 corporis
1693 2593 1816 2622 mozimi
1837 2599 1866 2624 ee
1885 2594 1987 2625 intimi

1165 2634 1195 2664 T
1206 2632 1290 2672 quod
1306 2632 1370 2663 fere
1378 2615 1535 2664 ”coincidit
1555 2643 1628 2664 cum
1648 2633 1805 2664 communi
1826 2642 1931 2666 centro
1953 2635 1984 2666 Ο

1159 2674 1317 2715 gravitatis
1342 2675 1475 2705 duorum
1503 2675 1532 2706 P
1554 2680 1585 2705 et
1601 2675 1630 2705 T
1655 2676 1724 2716 (per
1747 2676 1817 2706 Cas.
1846 2681 1873 2707 1.
1892 2677 1986 2717 I'rup.

1160 2720 1210 2747 65.
1217 2716 1252 2755 );
1285 2717 1450 2747 umbilicus
1471 2718 1571 2748 orbieae
1593 2719 1733 2748 secundoe
1753 2727 1846 2757 quam
1874 2729 1904 2750 v.
1934 2729 1983 2761 gr.

1157 2768 1267 2797 corpus
1285 2759 1306 2789 S
1320 2758 1489 2790 describit
1477 2770 1511 2790 m
1531 2760 1686 2790 communi
1709 2766 1809 2790 centro
1830 2762 1986 2801 gravitatis

1159 2801 1201 2836 O,
1226 2811 1384 2841 corporum
1409 2804 1541 2832 duorum
1562 2802 1738 2832 intinwvum
1754 2804 1825 2834 Pet
1845 2805 1893 2840 Τ
1914 2812 1986 2834 um-

1158 2842 1268 2872 bilicus
1283 2845 1378 2873 tertioe
1393 2842 1498 2872 orbitoe
1513 2852 1604 2882 quam
1626 2842 1711 2874 aliud
1732 2854 1843 2884 corpus
1862 2844 1986 2886 longiu-

1157 2883 1274 2914 distans
1295 2884 1475 2914 describeret
1494 2886 1528 2915 in
1550 2887 1705 2917 communi
1719 2892 1819 2917 centro
1829 2888 1988 2931 gravitatis

1155 2927 1247 2957 trium
1271 2927 1450 2957 interiorum
1466 2928 1504 2962 P,
1527 2928 1562 2961 Τ,
1577 2929 1608 2963 S,
1623 2927 1680 2957 ἃς.

284 2964 349 2994 tata
363 2975 526 3004 corporum
542 2968 669 2998 illorum
692 2967 846 3005 distantia,
872 2974 902 2998 et
926 2969 999 2998 hinc
1023 2967 1123 3008 magis
1164 2967 1356 2997 ratiocinium
1371 2977 1424 2997 seu
1439 2967 1497 2997 tria
1510 2978 1564 2998 seu
1587 2976 1718 3008 quatuor
1740 2976 1794 3001 aut
1814 2970 1905 3012 plum
1924 2970 1987 3003 unt

284 3015 321 3036 ac
340 3007 436 3047 magis
451 3010 679 3047 perturbabitur
693 3017 797 3042 motus
810 3010 967 3051 ellipticus
980 3016 1011 3041 et
1024 3010 1124 3051 magis
1165 3019 1291 3050 corpora
1306 3009 1379 3051 (ut
1370 3019 1402 3039 m
1420 3009 1513 3050 Prop.
1532 3014 1582 3042 64.
1602 3011 1671 3054 65.)

1725 2927 1810 2959 Nam
1833 2927 1915 2960 idem
1940 2929 1988 2960 est
2051 2935 2054 2938 ’
