2086 3542
149 263 386 318 namn-‚J
441 248 449 254 “
609 259 932 304 PRINCIPIA
964 259 1461 303 ΜΑΤΗΕΜΑΤῙΟΑ.
1763 237 1766 240 ’
1845 267 1870 301 ⁵

145 391 225 418 neo
244 384 286 418 et
303 374 466 432 longius
492 379 650 430 perget.
711 372 757 415 Si
790 371 955 415 Globus
977 370 1210 427 plumbeuS,
1241 369 1340 411 data
1369 384 1465 411 cum
1484 368 1698 411 velocitate
1727 383 1871 411 secun-

119 473 121 475 ·
146 447 247 489 dum
278 447 430 488 lineam
459 443 760 486 horizontalem
779 458 806 486 a
822 443 974 484 montis
1002 442 1171 498 alicujus
1190 441 1343 483 vertice
1361 440 1402 482 vi
1420 440 1599 496 pulveris
1618 439 1873 481 tormentarii

144 519 363 575 projectus,
391 523 583 574 pergeret
600 516 645 557 in
663 514 772 557 linea
791 514 916 557 curva
937 514 991 556 ad
1009 513 1243 556 distantiam
1262 513 1441 554 duorum
1459 512 1708 563 milliarium,
1738 512 1871 567 prius-

146 604 270 646 quam
287 589 333 631 in
352 596 505 631 terram
523 586 746 630 decideret:
777 586 848 628 hic
875 584 1003 642 dupla
1032 600 1127 627 cum
1156 584 1370 626 velocitate
1401 583 1516 640 quasi
1549 583 1679 638 duplo
1708 582 1871 640 longius

143 667 347 718 pergeret,
378 667 420 702 et
450 658 624 714 decupla
654 673 750 699 cum
779 657 993 699 velocitate
1024 656 1138 713 quasi
1167 655 1344 711 decuplo
1365 654 1546 712 longius:
1568 652 1748 695 simodo
1766 652 1872 695 ae'ris

144 731 370 774 resistentia
400 730 625 772 tolleretur.
632 743 644 750 ··
685 729 743 771 Et
771 728 964 786 augendo
1001 727 1258 770 velocitatem
1289 726 1432 784 augeri
1461 733 1599 782 posset
1628 739 1708 780 pro
1738 724 1871 766 lubitu

145 803 337 846 distantia
356 802 400 843 in
420 816 545 858 quam
563 800 845 857 projiceretur,
876 807 918 841 et
936 798 1067 840 minui
1086 806 1305 840 curvatura
1322 797 1443 838 lineae
1462 811 1587 853 quam
1606 796 1869 845 describeret,

146 876 202 918 ita
221 881 268 916 ut
285 873 454 915 tandem
473 872 640 914 caderet
657 870 962 914 addistantiam
979 869 1185 927 graduum
1203 869 1348 911 decem
1375 868 1441 910 vel
1469 868 1638 925 triginta
1656 867 1722 909 vel
1740 881 1872 908 nona-

145 948 276 1007 ginta3
306 945 373 987 vel
391 945 515 987 etiam
533 952 580 987 ut
598 952 751 986 terram
770 950 900 985 totam
919 942 1123 993 circuiret,
1154 941 1220 983 vel
1250 940 1427 997 denique
1456 946 1502 981 ut
1520 939 1564 980 in
1584 939 1709 981 coelos
1739 937 1872 979 abiret

146 1028 188 1063 et
205 1026 322 1060 motu
340 1017 519 1059 abeundi
537 1023 729 1074 pergeret
746 1015 792 1057 in
809 1014 1031 1056 infinitum.
1090 1013 1148 1056 Et
1176 1011 1320 1055 eadem
1348 1011 1521 1063 ratione,
1552 1009 1633 1067 qua
1656 1008 1873 1065 Projectile

106 1128 108 1130 .
146 1093 187 1134 vi
205 1089 414 1148 gravitatis
434 1089 478 1130 in
497 1088 642 1130 orbem
659 1087 768 1129 flecti
786 1094 924 1143 posset
946 1093 988 1128 et
1006 1093 1159 1127 terram
1170 1091 1300 1126 totam
1319 1083 1505 1134 circuire,
1534 1088 1670 1138 potest
1688 1088 1730 1123 et
1750 1080 1872 1122 Luna

146 1164 211 1207 vel
230 1163 271 1204 vi
289 1161 516 1219 gravitatis,
548 1161 583 1202 si
609 1159 736 1202 modo
764 1159 901 1218 gravis
930 1159 994 1210 sit,
1024 1157 1090 1199 vel
1109 1156 1188 1199 alifi
1208 1155 1452 1213 quacunque
1472 1154 1524 1205 vi,
1556 1152 1637 1210 qufi
1656 1153 1698 1194 in
1720 1159 1872 1193 terram

146 1241 353 1293 urgeatur,
375 1232 529 1275 retrahi
541 1247 702 1288 semper
714 1247 739 1274 a
750 1245 873 1273 cursu
891 1229 1104 1272 rectilineo
1116 1236 1269 1270 terram
1288 1240 1443 1277 versus,
1465 1233 1507 1266 et
1525 1225 1569 1266 in
1588 1223 1733 1265 orbem
1752 1237 1872 1263 sumn

144 1308 270 1351 flecti:
302 1314 343 1348 et
373 1305 460 1347 sine
478 1304 551 1346 tali
569 1304 612 1346 vi
631 1304 755 1346 Luna
785 1303 829 1344 in
860 1302 961 1343 orbe
992 1315 1067 1343 suo
1097 1298 1265 1341 retineri
1293 1312 1379 1339 non
1397 1302 1544 1353 potaet.
1605 1294 1716 1337 Haec
1734 1293 1811 1344 vis,
1838 1292 1873 1334 si

138 1381 252 1436 justo
282 1378 418 1420 minor
450 1383 566 1427 esset,
596 1389 684 1416 non
703 1374 798 1416 satis
816 1374 999 1415 flecteret
1029 1371 1197 1414 Lunam
1215 1369 1269 1412 de
1289 1383 1412 1412 cursu
1442 1366 1672 1409 rectilineo:
1702 1364 1738 1406 si
1760 1364 1873 1420 justo

145 1455 294 1509 major,
323 1451 417 1507 plus
437 1450 531 1492 satis
549 1450 744 1500 flecteret,
775 1463 824 1490 ac
842 1448 896 1489 de
924 1447 1026 1488 orbe
1054 1460 1130 1487 suo
1159 1453 1312 1487 terram
1330 1456 1473 1485 versus
1491 1440 1726 1483 deduceret.
1788 1438 1872 1480 Re-

147 1524 321 1582 quiritur
340 1522 493 1579 quippe
511 1527 559 1562 ut
577 1521 628 1562 sit
639 1521 764 1576 justae
782 1517 1092 1576 magnitudinis:
1123 1524 1166 1559 et
1196 1513 1589 1559 Mathematicorum
1607 1518 1668 1553 aet
1688 1509 1872 1552 invenire

147 1614 240 1650 atque
253 1604 375 1637 infinite
388 1604 490 1645 parvis
509 1614 566 1635 seu
586 1613 713 1635 evanes-

147 1651 289 1685 centibus
306 1647 454 1679 lateribue
473 1647 565 1678 rectis
585 1656 713 1687 compo-
1803 1654 1839 1698 F

147 1695 252 1725 situm.
301 1691 336 1723 Si
349 1700 461 1730 corpus
474 1690 508 1720 in
522 1688 617 1720 curvfi
634 1689 664 1720 E
679 1690 709 1720 B

149 1732 186 1768 H
203 1734 247 1771 K,
261 1739 432 1769 moveatur,
447 1732 482 1763 in
496 1731 628 1773 singulis
638 1742 709 1763 cur-

147 1790 195 1810 vae
208 1777 333 1819 punctis
350 1776 379 1807 E
394 1775 494 1806 fertur
502 1774 596 1816 juxta
609 1773 708 1806 direc-

147 1821 265 1852 tionem
285 1819 392 1850 lateris
411 1817 621 1849 evanescentis
637 1817 667 1848 E
678 1828 706 1854 e,

146 1862 287 1904 adeoque
295 1862 322 1894 si
333 1861 391 1894 sibi
398 1860 633 1906 relinqueretur,
650 1871 709 1892 nec

146 1906 244 1938 altera
266 1905 313 1936 vis
337 1905 372 1935 in
394 1903 586 1935 exuemitate
613 1904 709 1945 hujus

146 1955 246 1985 reetae,
271 1948 304 1979 E
329 1958 356 1984 e,
370 1946 461 1986 ,illud
473 1947 651 1982 retraheret.
677 1952 710 1977 et

146 1992 180 2022 in
194 1992 319 2028 lineam,
342 2001 361 2021 e
374 2000 417 2027 m,
439 1988 620 2027 inflecteret,
640 1999 710 2028 per-

146 2032 243 2075 petuo
272 2039 365 2075 atque
394 2031 583 2073 aequabiliter
603 2041 709 2063 move-

147 2083 234 2111 retur
252 2085 308 2116 per
329 2081 454 2111 rectum,
478 2075 509 2106 Ε
524 2085 552 2111 ε,
574 2076 709 2114 produ&

146 2126 223 2193 {3⁸:¹⁰2
236 2117 502 2200 (ssfflcfflss‘i‘
510 2127 604 2198 12³¹
605 2117 710 2191 032²:

147 2211 279 2245 tangens
295 2203 325 2234 E
343 2202 380 2238 F,
396 2201 593 2233 uniformiter
605 2211 710 2234 move·

146 2253 233 2278 retur
252 2255 308 2286 per
328 2249 509 2285 tangentem
532 2243 567 2274 in
595 2250 712 2283 puncto

150 2290 194 2327 Ε,
207 2289 268 2320 nisi
281 2287 416 2319 novaris
425 2285 575 2327 perpetuo
589 2286 711 2317 ininud

148 2342 256 2374 agens,
279 2331 371 2372 cujus
391 2329 520 2360 directio
540 2335 586 2359 est
606 2328 712 2359 versus

147 2383 285 2410 curvam.
312 2373 418 2413 ipsum
439 2383 460 2403 a
479 2377 567 2402 motu
596 2371 712 2402 rectili-

147 2427 209 2448 neo
230 2416 398 2447 retraheret
419 2421 452 2445 et
473 2414 507 2444 in
531 2414 631 2445 orbita
653 2414 712 2445 suii

147 2459 301 2495 retineret,
326 2467 390 2499 quo
406 2457 504 2499 major
527 2462 574 2488 est
592 2457 639 2487 vis
655 2463 712 2488 aut

147 2501 288 2533 celeritas
307 2499 482 2531 secundum
509 2499 713 2530 directionem

148 2544 305 2586 tangentis
319 2542 369 2574 vel
382 2542 592 2573 evanescentis
599 2542 710 2576 lateris,

149 2587 181 2618 E
196 2597 225 2624 e,
241 2592 273 2618 et
286 2586 389 2616 minor
401 2585 447 2615 vis
460 2584 588 2624 illaqua
597 2585 714 2616 mobile
1177 2566 1226 2611 Η

146 2640 167 2660 a
186 2635 335 2670 tangente
348 2628 383 2658 in
396 2637 522 2658 curvam
537 2627 714 2664 retrahitur,

146 2671 185 2703 εδ
213 2670 318 2702 minus
345 2682 365 2701 a
387 2676 536 2710 tangente
563 2670 666 2701 demat
688 2681 815 2721 §orpus-
845 2673 985 2716 adeoque
1037 2688 1158 2720 gamm,
1176 2686 1240 2714 aut.
1257 2679 1282 2710 si
1297 2679 1398 2721 magis
1410 2679 1568 2719 placuerit,
1586 2689 1874 2719 supponamusene

146 2725 240 2746 curva
262 2723 359 2755 quam
377 2719 467 2763 3¹¹⁰¹²¹
491 2722 550 2743 suo
569 2712 721 2762 describn,
743 2714 786 2745 ad
805 2720 985 2758 tangentem
1037 2722 1101 2751 vim
1124 2731 1179 2760 per
1200 2727 1303 2753 totum
1326 2722 1461 2762 spatium
1483 2722 1637 2757 diffusam,
1662 2721 1725 2762 qui
1746 2731 1874 2762 corpora

146 2767 203 2787 seu
223 2763 340 2788 rectam
363 2755 479 2786 lineam
503 2754 631 2805 propius
657 2756 817 2788 accam·-
846 2759 985 2809 Econtra
1038 2764 1143 2794 omnia
1165 2764 1339 2795 secundum
1363 2764 1562 2795 directionem
1587 2763 1752 2800 radiorum,
1777 2765 1808 2796 E
1832 2766 1870 2796 T.

146 2799 340 2831 decrescente
353 2809 383 2848 γι
397 2804 453 2829 aut
473 2798 627 2829 celeritate
646 2798 820 2849 secundum
827 2801 984 2853 “directio-
1039 2807 1072 2837 A
1090 2807 1128 2843 T,
1151 2806 1191 2837 ad
1214 2813 1356 2837 centrum
1372 2807 1402 2838 T
1416 2813 1594 2848 urgeantur,
1616 2814 1648 2838 et
1660 2817 1700 2837 ex
1714 2807 1826 2838 vertice
1842 2808 1872 2839 E

146 2851 221 2872 nem
242 2847 485 2891 tangentis-aut
506 2847 661 2872 crescente
687 2852 719 2872 vx
746 2841 843 2893 altera
870 2854 941 2884 quae
965 2856 985 2876 a
1037 2849 1154 2880 montis
1170 2849 1199 2880 E
1218 2850 1250 2880 D
1262 2849 1439 2890 projiciatur
1453 2858 1564 2888 corpus
1572 2848 1665 2890 juxta
1674 2849 1874 2881 directionem

145 2889 292 2933 tangente
305 2883 448 2934 deflectit,
470 2893 583 2933 corpus
596 2894 617 2933 ⁸.
628 2890 718 2915 motu
738 2885 897 2917 rectilineo
916 2897 984 2918 ma-
1038 2898 1130 2922 rectae
1147 2892 1176 2922 Ε
1197 2891 1222 2922 F
1236 2890 1277 2923 ad
1302 2892 1329 2922 E
1347 2891 1376 2922 T
1397 2891 1559 2930 normalis3
1579 2900 1692 2932 eorpus
1713 2892 1792 2923 illud
1813 2891 1874 2923 haic

145 2937 194 2967 gis
209 2927 382 2962 retrahitur,
398 2932 431 2957 et
443 2936 544 2975 major
552 2925 687 2976 fithneae
696 2933 870 2977 curvatura.
900 2930 985 2961 Nam
1039 2933 1105 2964 sola
1119 2934 1147 2964 vi
1160 2933 1308 2974 impressa
1322 2933 1513 2974 aequabiliter
1525 2943 1581 2974 per
1594 2940 1711 2965 rectam
1726 2935 1756 2966 E
1769 2935 1797 2965 F
1806 2946 1874 2966 mo-

145 2969 274 2999 effectus
308 2974 382 2999 suut
415 2978 517 2999 causls
550 2979 615 2998 stus
648 2971 904 3019 propqruonalae;
939 2978 987 3003 est
1039 2983 1163 3006 veretur
1179 2976 1246 3018 (9);
1269 2983 1300 3006 at
1315 2976 1343 3006 vi
1365 2975 1535 3017 centripeti
1554 2987 1611 3008 seu
1630 2976 1660 3006 vi
1675 2977 1820 3008 tendente
1835 2977 1875 3008 ad

145 3018 251 3059 autem
264 3017 368 3062 motus
380 3021 440 3061 per
450 3017 629 3060 tangentem
649 3011 835 3051 rectlllneus,
857 3014 987 3045 effectus
1040 3025 1182 3049 centrum
1207 3019 1236 3049 T
1249 3020 1288 3048 ab
1309 3018 1363 3048 ina
1386 3017 1470 3050 recta
1493 3017 1644 3058 perpetuo
1665 3019 1830 3051 retrahitur
1844 3026 1875 3051 et

155 3063 202 3082 vis
215 3052 386 3083 secundum
407 3053 606 3084 directionem
621 3056 786 3095 ungentis,
809 3055 985 3086 etdeviatio
1040 3060 1163 3091 couritur
1186 3060 1327 3091 incedere
1355 3060 1389 3090 in
1411 3060 1506 3091 curva
1534 3061 1638 3102 aliqui
1664 3062 1694 3092 E
1721 3063 1755 3097 Q
1781 3073 1874 3102 quam

155 3105 176 3126 a
188 3101 344 3144 tangente,
360 3094 486 3125 effectus
498 3095 545 3125 vis
565 3095 647 3126 illius
660 3106 732 3137 quae
744 3106 764 3127 a
778 3104 923 3139 tangente
937 3108 984 3128 re-
1039 3087 1140 3143 taffgit
1164 3103 1198 3133 in
1218 3103 1255 3133 ·Ε
1270 3109 1354 3133 recta
1369 3103 1399 3134 E
1417 3102 1445 3134 F
1459 3099 1552 3146 (1053
1573 3103 1718 3145 augendo
1738 3104 1802 3134 vim
1816 3104 1875 3134 im-

156 3138 258 3168 trahit.
279 3179 287 3187 ·
439 3177 448 3185 α
638 3179 647 3186 ·
838 3182 847 3188 ι
874 3182 882 3189 ·
1036 3155 1173 3185 pressam
1194 3144 1366 3175 secundum
1381 3144 1581 3177 directionem
1593 3146 1758 3188 tangentiS,
1784 3146 1814 3177 E
1839 3145 1874 3185 F,

188 3185 237 3212 ll.
255 3181 303 3211 Sit
316 3185 406 3210 terrae
420 3177 668 3227 cxrcmnferenua
684 3179 718 3210 D
735 3180 770 3216 Q,
785 3181 820 3216 C,
837 3181 983 3223 illiusque
1036 3197 1132 3218 curva
1147 3187 1178 3217 E
1196 3187 1237 3223 Q,
1253 3187 1293 3218 ad
1307 3194 1487 3228 tangentem
1504 3189 1534 3219 E
1549 3189 1584 3225 F,
1607 3188 1735 3228 propius
1748 3188 1874 3225 accedit,

144 3230 286 3255 centrum
302 3222 403 3271 T,‘ex
427 3230 490 3260 quo
510 3230 573 3249 vnn
594 3221 633 3250 ad
654 3227 796 3270 centrum
811 3225 982 3273 trahentem
1037 3227 1115 3260 adeo
1137 3236 1174 3259 ut
1195 3240 1306 3269 corpus
1326 3230 1415 3260 variis
1429 3237 1460 3261 et
1480 3230 1650 3261 successive
1670 3231 1877 3262 crescentibus

143 3277 198 3306 per
211 3272 311 3297 totum
327 3273 565 3303 circumquaque
586 3269 719 3302 spanum
740 3274 900 3306 propagari
922 3267 981 3299 fin-
1036 3271 1242 3304 celeritatibus
1265 3273 1445 3313 pmjectum,
1479 3279 1592 3304 terram
1617 3273 1735 3305 tardius
1757 3283 1877 3313 semper
