2086 3542
269 264 350 300 316
413 240 416 241 ⁷
654 253 1103 299 PHILOSOPHIAE
1136 255 1495 298 NATURALIS
1589 256 1734 308 [Mo'r.
1759 255 1955 299 Com-oa.

264 371 421 414 riodica
450 375 542 429 (per
561 371 775 415 theorema
793 373 995 429 superius)
1019 373 1161 415 forent
1179 372 1223 414 in
1244 370 1526 428 subduplicata
1546 370 1704 413 ratione
1723 370 1906 425 corporis
1927 371 1958 414 S

264 445 317 487 ad
339 458 540 485 summam
559 458 780 500 corporum
801 445 832 486 S
853 451 895 495 -Ι-
920 447 969 488 Ρ.
1030 444 1248 486 Minuatur
1266 443 1310 485 in
1328 442 1406 485 hac
1425 443 1582 485 ratione
1603 449 1761 497 tempus
1779 441 1959 497 periodi-

265 532 358 559 cum
378 516 421 558 in
441 517 573 572 ellipsi
591 517 830 572 posteriore,
859 524 900 558 et
918 525 1104 572 tempora
1122 516 1330 571 periodica
1349 516 1523 558 evadent
1542 515 1739 571 aequalia;
1770 514 1960 570 ellipseos

264 598 401 631 autem
421 588 509 630 axis
529 589 765 644 principalis
797 592 887 643 (per
910 589 1035 643 Prop.
1058 588 1176 641 XV.)
1206 589 1414 630 minuetur
1443 590 1486 629 in
1514 588 1685 639 ratione,
1721 588 1836 643 cujus
1868 585 1961 627 haec

259 669 327 704 est
345 661 644 717 sesquiplicata‚
666 661 709 702 id
729 668 789 702 est
807 660 850 700 in
870 660 1043 710 ratione,
1075 661 1192 715 eujus
1209 661 1315 702 ratio
1336 660 1366 702 S
1386 659 1439 701 ad
1461 661 1491 702 S
1517 667 1559 710 -Ι-
1588 660 1624 702 Ρ
1643 667 1706 702 est
1733 659 1959 714 triplicata,

262 731 438 787 ideoque
458 732 535 773 erit
554 731 607 773 ad
627 745 746 772 axem
772 730 1040 785 principalem
1067 729 1257 784 ellipseos
1285 729 1463 779 alterius,
1496 737 1542 770 ut
1574 730 1750 784 primum
1783 729 1961 771 duorum

262 803 396 847 medie
427 803 795 860 proportionalium
828 803 935 845 inter
966 802 996 843 S
1022 808 1064 852 -Ι-
1079 802 1130 844 'P
1159 792 1207 844 et
1222 803 1252 844 S
1272 801 1325 843 ad
1347 802 1376 844 S
1402 808 1445 851 4-
1474 801 1523 843 Ρ.
1584 801 1642 843 Et
1669 799 1839 851 inverse,
1871 801 1960 843 axis

261 875 497 931 principalis
517 874 706 929 ellipseos
727 873 835 915 circa
854 886 1002 927 corpus
1021 872 1174 914 mobile
1193 871 1407 926 descriptae
1428 871 1506 913 erit
1524 870 1578 912 ad
1607 885 1727 913 axem
1755 871 1960 926 principa-

262 946 344 989 lem
363 945 580 999 descriptae
600 943 707 985 circa
726 942 948 994 immobile,
970 950 1017 984 ut
1038 942 1069 985 S
1095 949 1137 991 -Ι-
1165 942 1202 983 Ρ
1222 942 1276 984 ad
1292 942 1474 997 primum
1493 941 1671 983 duorum
1701 940 1836 984 medie
1863 956 1960 998 pro-

260 1015 549 1072 portionalium
569 1014 676 1056 inter
698 1014 728 1056 S
755 1020 797 1063 -Ι-
826 1014 862 1055 Ρ
881 1021 922 1055 et
943 1013 986 1056 S.
1047 1012 1103 1062 Q.
1124 1027 1159 1055 e.
1181 1013 1222 1054 d.

536 1198 909 1242 PROPOSITIO
940 1197 1066 1241 LXI.
1127 1192 1488 1240 THEOREMA
1519 1197 1692 1261 XXIV.

260 1330 307 1372 Si
319 1342 484 1384 corpora
504 1329 579 1370 duo
597 1321 744 1370 viribus
765 1326 957 1382 quibusvis
974 1341 1014 1369 se
1033 1302 1160 1367 mutub
1188 1325 1401 1375 trahentia,
1433 1336 1554 1379 neque
1580 1325 1695 1366 alias
1714 1325 1872 1379 agitata
1902 1326 1962 1367 vel
1996 1382 2003 1388 .

315 1400 516 1459 impedita,
539 1399 867 1453 quomodocunque
886 1403 1122 1447 moveantur,
1145 1402 1264 1436 motus
1283 1409 1407 1436 eorum
1430 1395 1598 1448 perinde
1615 1408 1655 1435 se
1679 1395 1884 1445 habebunt,
1913 1410 1962 1436 ac

316 1471 353 1512 si
365 1484 441 1511 non
462 1470 661 1511 traherent
678 1484 718 1511 se
736 1465 877 1519 mutuo,
898 1470 966 1510 sed
983 1474 1183 1522 utrumque
1201 1482 1227 1507 a
1247 1481 1406 1520 corpore
1423 1467 1540 1507 tertio
1560 1467 1604 1506 in
1621 1467 1809 1507 communi
1822 1468 1962 1521 gravi-

316 1541 413 1582 tatis
431 1547 561 1581 cem‘ro
579 1540 783 1581 constituto
802 1539 947 1580 viribus
966 1539 1099 1579 iisdem
1120 1538 1340 1579 traheretur
1353 1554 1366 1576 .·
1396 1536 1456 1577 Et
1473 1536 1612 1577 virium
1632 1536 1867 1578 trahentium
1894 1551 1962 1578 ea·

316 1610 400 1652 dem
419 1611 496 1670 erit
521 1612 584 1652 lex
603 1617 773 1663 respectu
792 1610 993 1650 distantiae
1011 1623 1210 1662 corporum
1236 1622 1262 1648 a
1287 1613 1417 1648 centro
1443 1608 1512 1648 illo
1538 1608 1725 1648 communi
1755 1613 1873 1661 atque
1897 1621 1961 1649 re-

316 1687 444 1735 spectu
463 1681 667 1722 distantiae
685 1682 801 1722 totius
821 1681 924 1721 inter
942 1692 1120 1733 corpora.
1868 1680 1871 1681 ⁷

319 1808 430 1850 Nam
452 1808 558 1849 vires
579 1807 673 1857 illae,
697 1806 844 1862 quibus
865 1820 1038 1861 corpora
1058 1819 1102 1846 se
1121 1811 1265 1845 mutuo
1284 1803 1465 1854 trahunt,
1482 1802 1690 1844 tendendo
1704 1802 1757 1844 ad
1773 1817 1959 1858 corpora,

262 1880 314 1935 (g)
336 1870 511 1921 tendunt
530 1878 584 1920 ad
604 1891 820 1919 commune
839 1876 1048 1933 gravitatis
1069 1883 1256 1917 centrum
1274 1874 1563 1916 intermedium
1574 1890 1586 1924 3
1616 1874 1791 1930 ideoque
1806 1871 1963 1917 eaedem

264 1959 370 2002 sunt,
393 1966 440 1992 ac
461 1951 494 1992 si
516 1966 539 1991 a
559 1964 731 2005 corpore
750 1948 994 1990 intermedio
1012 1954 1239 1989 manarent.
1300 1946 1356 1995 Q.
1377 1961 1413 1996 e.
1435 1945 1475 1987 d.

320 2021 379 2063 Et
397 2020 591 2076 quoniam
613 2019 733 2060 datur
752 2018 857 2060 ratio
877 2017 1080 2059 distantiae
1101 2016 1284 2071 corporis
1304 2015 1495 2057 utriusvis
1524 2029 1549 2058 a
1578 2023 1721 2057 centro
1751 2015 1824 2057 illo
1849 2029 1963 2058 com-

260 2092 376 2134 muni
397 2091 449 2132 ad
469 2090 703 2132 distantiam
723 2090 830 2130 inter
849 2103 1035 2143 corpora,
1057 2087 1221 2129 dabitur
1241 2087 1346 2128 ratio
1365 2086 1540 2142 cujusvis
1569 2086 1780 2141 potestatis
1809 2086 1963 2128 distan-

263 2166 333 2206 tiae
352 2163 475 2205 unius
498 2162 550 2203 ad
575 2161 749 2203 eandem
781 2167 1023 2215 potestatem
1057 2158 1260 2200 distantiae
1291 2157 1482 2207 alterius;
1512 2165 1559 2199 ut
1591 2157 1696 2199 ratio
1726 2157 1962 2214 quantitatis

261 2235 448 2292 cujusvis,
471 2248 564 2290 quae
585 2247 638 2274 ex
658 2231 739 2273 una
760 2230 951 2273 distantia
975 2238 1015 2272 et
1045 2218 1337 2285 quantitatibus
1366 2228 1470 2270 datis
1502 2235 1709 2284 utcunque
1740 2228 1960 2280 derivatur,

261 2306 314 2348 ad
334 2306 603 2363 quantitatem
625 2303 760 2354 aliam,
784 2317 876 2359 quae
907 2317 960 2344 ex
992 2300 1118 2343 altera
1150 2299 1355 2351 distantia,
1388 2308 1430 2356 et
1463 2299 1756 2356 quantitatibus
1789 2299 1960 2342 totidem

261 2377 380 2427 datis,
403 2376 619 2431 datamque
639 2374 755 2416 illam
774 2373 1060 2415 distantiarum
1082 2372 1286 2414 rationem
1305 2370 1359 2413 ad
1377 2371 1535 2426 priores
1554 2369 1800 2412 habentibus
1820 2370 1960 2413 simili-

261 2458 325 2491 ter
344 2447 563 2490 derivatur.
624 2445 809 2488 Proinde
830 2445 864 2485 si
883 2445 955 2495 vis,
979 2443 1057 2500 qua
1079 2458 1227 2499 corpus
1247 2457 1376 2485 unum
1396 2442 1448 2484 ab
1468 2442 1597 2484 altero
1615 2441 1805 2493 trahitur,
1827 2442 1880 2484 sit
1897 2442 1959 2484 di-

263 2597 295 2622 et
308 2591 424 2623 circum
438 2601 470 2621 se
484 2588 597 2621 mutue>
610 2589 787 2620 describunt
803 2590 853 2629 (ut
867 2589 899 2619 in
914 2588 1006 2627 Prop.
1021 2587 1090 2623 57.)
1137 2587 1163 2618 C
1178 2586 1289 2618 mediae
1305 2585 1543 2626 proportionales
1554 2587 1633 2618 inter
1645 2588 1667 2619 S
1679 2587 1721 2629 -1-
1737 2587 1766 2619 Ρ
1779 2593 1811 2619 et
1826 2587 1855 2625 S,
1865 2587 1923 2620 erit
1935 2589 1959 2622 S

263 2634 347 2664 idem
362 2640 415 2669 at,
432 2633 552 2664 dicatur
566 2638 587 2668 t,
604 2638 728 2671 tempus
742 2631 931 2670 periodicum
945 2631 979 2660 in
993 2629 1091 2669 ellipsi
1133 2630 1175 2667 4
1193 2629 1221 2659 P
1235 2629 1275 2659 ad
1293 2629 1314 2659 S
1328 2629 1361 2659 iu
1386 2629 1503 2660 ratione
1526 2629 1677 2668 triplicata
1699 2629 1721 2660 S
1735 2629 1778 2673 -ᾖ-
1797 2630 1835 2668 Ρ,
1860 2630 1900 2662 ad
1917 2631 1957 2671 B,

264 2687 285 2716 p
300 2686 320 2716 q
341 2685 477 2718 v,quam
490 2684 601 2714 corpus
615 2685 644 2714 p,
661 2673 710 2704 vel
727 2674 765 2710 P,
780 2672 858 2704 circa
873 2683 982 2712 corpus
999 2672 1028 2707 S,
1041 2673 1093 2704 vel
1138 2670 1197 2702 hoc
1211 2677 1257 2703 est
1273 2671 1295 2703 S
1311 2672 1354 2715 -Ι-
1375 2671 1426 2703 P:
1451 2671 1472 2700 S
1485 2682 1531 2701 =
1547 2674 1639 2718 (84
1652 2676 1694 2718 P)
1707 2680 1744 2710 ³:
1767 2679 1795 2709 Β
1810 2681 1834 2718 3,
1850 2691 1886 2713 ac
1896 2692 1967 2722 pm,

265 2728 289 2755 s,
313 2718 417 2751 revera
442 2718 603 2748 immotum
629 2718 678 2758 (ut
691 2716 725 2746 in
742 2716 835 2755 Prop.
859 2715 928 2756 58.)
951 2714 1090 2745 describit
1138 2711 1209 2744 inde
1227 2715 1258 2745 A
1274 2716 1289 2738 ³
1305 2727 1313 2746 ι
1335 2715 1367 2745 Χ
1381 2716 1395 2737 ³
1405 2727 1451 2744 =
1465 2713 1504 2754 (S
1515 2714 1556 2756 -Ι-
1570 2716 1612 2757 Ρ)
1624 2719 1639 2741 ³
1654 2731 1662 2750 ς
1683 2721 1712 2752 Β
1724 2723 1739 2744 3
1765 2720 1895 2765 ideoque
1908 2726 1961 2759 A:

265 2760 385 2791 dicatur
414 2760 453 2797 T,
483 2759 582 2799 sitque
608 2759 640 2789 X
663 2758 728 2789 axis
756 2758 931 2797 principalis
953 2756 1091 2795 ellipseos
1135 2747 1170 2778 X
1186 2767 1231 2786 τ.-
1251 2757 1271 2788 S
1288 2757 1330 2793 4-
1352 2757 1402 2787 P:
1424 2757 1463 2786 B·
1514 2757 1553 2792 Q·
1571 2769 1598 2789 e.
1616 2758 1646 2790 d.
1740 2743 1748 2758 '

265 2812 360 2843 quam
376 2812 487 2843 corpus
500 2801 584 2832 idem
601 2801 638 2838 P,
654 2800 702 2831 vel
716 2811 745 2840 p,
770 2799 848 2842 circa
862 2800 991 2830 alterum
1009 2798 1030 2829 S
1051 2794 1100 2829 iel

266 2855 282 2874 s
295 2844 398 2875 revera
419 2845 582 2875 immotum
609 2843 707 2885 (utin
725 2843 816 2881 Prop.
835 2842 903 2882 58.)
926 2841 1092 2871 describere
1178 2841 1223 2881 (Β)
1247 2842 1265 2860 ⁸
1305 2841 1447 2871 Tendunt
1472 2840 1513 2869 ad
1534 2848 1693 2870 commune
1714 2840 1868 2878 grammis
1890 2850 1961 2872 cen-

266 2893 368 2925 posset
388 2892 525 2926 tempore
539 2885 694 2925 periodico
707 2890 730 2921 t,
746 2885 802 2915 erit
826 2887 894 2926 (per
910 2883 1001 2922 Prop.
1021 2882 1090 2922 59A)
1135 2889 1228 2918 erum,
1253 2886 1299 2911 est
1321 2881 1403 2911 enim
1427 2880 1599 2911 eommunis
1623 2880 1796 2912 tmen-sectio
1819 2881 1963 2913 omnium

270 2929 300 2960 T
314 2929 330 2946 ²
347 2943 354 2958 ε
371 2935 384 2959 t
398 2931 413 2948 ²
427 2942 473 2958 =
499 2930 521 2960 S
545 2928 587 2970 -Ι-
615 2928 642 2958 Ρ
664 2940 672 2958 2
700 2928 730 2958 S.
757 2934 788 2958 et
814 2929 882 2968 (per
909 2926 1000 2964 Prop.
1029 2924 1095 2963 15.)
1138 2930 1291 2954 rectarum
1314 2933 1384 2963 quae
1408 2931 1534 2962 corpora
1557 2923 1743 2954 revolvenda
1761 2923 1908 2965 jungunt,
1929 2929 1965 2958 etv

270 2971 301 3001 T
315 2971 331 2989 ²
347 2981 355 3000 ι
373 2975 387 3000 t
400 2972 416 2989 ²
430 2984 475 3000 =
494 2972 523 3001 A
539 2972 554 2993 3
571 2983 578 3001 :
600 2970 634 3001 X
649 2971 671 3005 ³,
698 2968 791 3010 quare
818 2970 848 2999 A
863 2970 878 2992 ³
900 2979 908 2999 e
936 2968 970 2998 X
984 2969 998 2990 ³
1013 2980 1058 2996 =
1076 2967 1098 2997 S
1138 2965 1407 3013 secuudum-quas,
1423 2964 1501 2996 vires
1520 2964 1632 3006 quibus
1651 2975 1778 3006 corpora
1797 2975 1831 2998 se
1849 2964 1960 2999 mum

269 3012 312 3055 4-
330 3012 357 3043 P
372 3025 380 3045 z
402 3013 432 3044 S.
475 3013 497 3044 J
500 3023 549 3044 am
564 3013 589 3043 si
605 3011 847 3052 capianturdhae
861 3009 1043 3052 quantitates
1058 3010 1095 3046 B,
1139 3007 1273 3043 trahunt,
1290 3006 1472 3048 diriguntur.
