2086 3542
183 286 341 328 ann
362 286 579 337 Primus]
638 285 958 327 PRINCIPIA
988 277 1482 326 MATHEMATICA.
1803 290 1886 326 259

164 411 304 456 ¹quam
325 401 436 442 linea
456 401 493 442 C
510 415 540 455 p
561 400 767 449 describit,
790 400 868 441 erit
896 399 950 441 ad
979 413 1117 439 aream
1137 398 1177 438 V
1199 397 1236 438 C
1258 398 1307 447 P,
1339 413 1463 453 quarn
1497 398 1606 438 Iinea
1637 399 1673 439 C
1695 399 1732 440 P
1765 399 1886 440 simul

180 472 391 521 describit,
433 479 480 513 ut
498 462 692 513 velocitas
711 471 834 512 lineae
854 469 1121 511 describentis
1143 468 1180 510 C
1206 482 1235 522 p
1256 467 1311 508 ad
1343 468 1603 509 velocitatem
1637 468 1758 510 lineae
1792 470 1886 511 des-

180 542 372 583 cribentis
397 541 433 583 C
456 542 516 592 P,
545 541 625 582 hoc
645 549 720 590 est,
751 549 798 582 ut
826 539 1001 595 angulus
1022 539 1063 580 V
1085 538 1121 579 C
1140 552 1170 592 p
1204 536 1259 578 ad
1289 537 1487 594 angulum
1508 538 1549 578 V
1571 538 1607 579 C
1628 537 1678 588 P,
1710 538 1886 593 ideoque

179 613 222 653 in
242 612 338 653 data
357 613 530 663 ratione,
553 619 595 654 et
611 620 832 667 propterea
850 609 1028 664 tempori
1045 607 1380 664 proportionalis.
1441 607 1551 649 Cum
1579 621 1675 649 area
1707 610 1885 663 tempori

178 684 497 738 proportionalis
517 684 569 725 sit
586 698 710 738 quam
729 683 839 724 linea
859 682 895 723 C
915 696 944 736 p
972 681 1018 722 in

177 753 303 808 plano
315 753 518 795 immobili
532 753 740 804 describit,
757 752 1018 794 manifestum

178 830 239 864 est
257 823 369 879 quod
383 838 545 879 corpus,
563 831 735 881 cogente
748 825 873 879 justae
886 837 1016 880 quan-

178 892 304 934 titatis
326 893 368 935 vi
388 894 614 949 centripetfi
627 894 785 935 revolvi
793 894 923 949 possit
933 891 1017 934 unzi

179 977 273 1003 cum
312 971 468 1018 puncto
501 979 530 1019 p
568 964 613 1004 in
647 964 769 1005 curvfi
803 963 873 1005 illa
906 962 1015 1005 line&

181 1048 305 1090 quam
335 1043 537 1089 punctum
565 1034 676 1076 idem
694 1049 724 1089 p
744 1035 906 1078 ratione
927 1035 1017 1090 jam

179 1106 366 1160 expositi}
386 1106 581 1148 describit
599 1107 644 1148 in
662 1107 788 1162 plano
802 1106 1015 1148 immobili.
1063 1118 1074 1159 ξ

181 1176 275 1218 Fiat
295 1177 471 1234 angulus
493 1179 533 1219 V
557 1178 592 1219 C
613 1193 641 1219 ιι
671 1178 825 1235 angulo
857 1179 894 1220 P
915 1178 952 1219 C
970 1192 1014 1232 p,

179 1254 221 1287 et
238 1246 349 1288 linea
370 1247 406 1288 C
426 1262 455 1288 u
473 1247 595 1306 lineae
618 1248 654 1289 C
675 1249 728 1299 V,
746 1257 868 1303 atque
883 1249 1019 1307 figura

178 1330 207 1356 u
241 1316 278 1358 C
310 1331 340 1371 p
374 1317 520 1374 figurae
541 1318 582 1359 V
618 1318 655 1359 C
691 1319 728 1360 P
761 1320 941 1375 aequali5‚
976 1329 1018 1362 et

178 1401 329 1441 corpus
349 1388 391 1428 in
416 1402 446 1443 p
476 1403 639 1443 semper
667 1389 847 1431 existens
876 1404 1018 1432 move-

177 1458 291 1499 bitur
310 1459 354 1499 in
374 1460 597 1514 perimetro
628 1460 775 1516 figurae
805 1462 1019 1503 revolven-

178 1530 231 1572 tis
260 1546 289 1572 u
312 1531 348 1573 C
367 1546 410 1586 p,
443 1532 671 1588 eodemque
705 1542 892 1588 tempore
925 1534 1019 1576 des·

178 1599 309 1641 cribet
338 1615 480 1641 arcum
511 1602 598 1657 ejus
633 1617 661 1643 u
690 1617 718 1657 p
750 1619 833 1659 quo
867 1619 1018 1659 corpus

178 1670 292 1711 aliud
314 1671 350 1712 P
371 1685 511 1712 arcum
532 1672 611 1726 ipsi
632 1673 807 1714 similem
827 1683 869 1715 et
888 1675 1089 1730 aequalem
1109 1676 1150 1716 V
1172 1675 1208 1717 P
1231 1675 1273 1716 in
1303 1673 1436 1731 figur&
1466 1674 1701 1730 quiescente
1720 1674 1763 1716 V
1783 1674 1820 1715 P
1841 1674 1883 1715 K

178 1742 413 1784 describere
432 1751 579 1797 potest.
641 1744 865 1792 Quaeratur
894 1746 1032 1801 igitur,
1063 1761 1140 1801 per
1160 1746 1439 1787 Corollarium
1467 1745 1658 1800 quintum
1688 1745 1884 1799 Proposi-

178 1812 302 1856 tionis
322 1815 414 1866 VL,
445 1816 507 1856 vis
537 1817 764 1871 centripeta
795 1817 876 1872 qu&
910 1832 1067 1875 corpus
1094 1818 1250 1859 revolvi
1282 1818 1414 1872 possit
1446 1818 1490 1858 in
1522 1816 1646 1858 curvfi
1672 1816 1742 1859 illa
1777 1817 1884 1859 linefi

178 1900 303 1942 quam
335 1893 536 1940 punctum
566 1901 596 1941 p
630 1887 825 1928 describit
863 1887 907 1928 in
944 1887 1070 1942 plano
1107 1887 1323 1938 immobili,
1364 1895 1406 1929 et
1444 1887 1624 1929 solvetur
1656 1886 1882 1944 problema.

181 1957 236 2007 Q.
257 1957 341 2001 e.f.

438 2133 814 2192 PROPOSIT10
844 2136 1009 2180 XLIV.
1069 2137 1429 2181 THEOREMA
1459 2131 1607 2180 XIV.'

180 2264 426 2321 Dgfferentia
446 2264 601 2314 virium,
623 2264 758 2318 quibus
776 2277 912 2319 corpus
934 2266 978 2306 in
998 2264 1087 2306 orbe
1106 2266 1329 2319 quiescente,
1349 2271 1387 2305 et
1405 2279 1542 2318 corpus
1560 2263 1674 2304 aliud
1691 2264 1734 2303 in
1754 2262 1892 2302 eodem.

235 2334 326 2374 orbe
345 2335 560 2375 revolvente
578 2336 784 2388 aequaliter
802 2336 946 2376 moveri
956 2341 1134 2389 possunt,
1155 2341 1211 2376 est
1228 2335 1273 2375 in
1300 2333 1506 2388 tnfflicatd
1534 2335 1700 2383 ratione>
1721 2345 1881 2373 commu-

236 2405 299 2446 nis
317 2405 542 2445 altitudinis
562 2405 723 2446 inverse.

238 2527 433 2569 Partibus
453 2527 564 2569 orbis
584 2528 828 2583 quiescentis
849 2529 890 2570 V
911 2529 960 2580 P,
983 2529 1020 2571 P
1041 2528 1084 2571 K
1104 2536 1225 2570 sunto
1245 2526 1396 2570 similes
1412 2535 1458 2570 et
1476 2526 1654 2583 aequales
1673 2526 1785 2568 orbis
1810 2540 1879 2568 re·

180 2653 213 2684 V
226 2663 248 2692 p
261 2663 292 2689 n,
307 2653 446 2693 adeoque
460 2659 491 2684 et
504 2653 570 2692 ipsa
584 2653 753 2695 txajectoria
766 2653 865 2684 datur.
914 2654 1006 2685 Inve-
1048 2664 1107 2684 nen
1125 2653 1151 2684 C
1165 2663 1185 2683 v
1207 2652 1298 2682 lineae
1315 2653 1342 2683 C
1358 2651 1400 2689 V,
1418 2657 1511 2692 atque
1526 2650 1626 2692 figura
1638 2661 1662 2681 u
1681 2650 1707 2681 C
1721 2660 1752 2689 p,
1768 2649 1878 2691 flgurae

178 2696 239 2725 niri
252 2695 348 2736 igitur
361 2702 460 2734 potest
481 2698 551 2737 (per
568 2696 638 2727 Cor.
657 2699 687 2727 5.
703 2696 796 2735 Prop.
815 2697 865 2735 6.)
895 2696 951 2727 ·lex
961 2696 1007 2726 vis
1049 2696 1080 2726 V
1098 2696 1125 2727 C
1142 2695 1171 2726 P
1184 2694 1292 2725 similis
1315 2700 1347 2724 et
1370 2694 1504 2734 aequalis,
1529 2700 1562 2723 et
1583 2702 1694 2732 corpus
1716 2691 1782 2740 ιιιιὲ
1805 2703 1878 2723 cum

165 2738 352 2776 ‘centripetae
365 2738 427 2778 quii
441 2747 553 2777 corpus
566 2748 596 2778 p,
612 2739 646 2768 in
659 2738 828 2779 trajecwria
843 2739 898 2769 illa
914 2738 976 2778 Vp
986 2748 1019 2768 n*
1049 2743 1165 2777 puncto
1176 2748 1215 2776 p,
1241 2747 1360 2775 semper
1381 2736 1480 2766 latum
1505 2742 1536 2766 et
1559 2735 1693 2776 figuram
1717 2740 1878 2765 immotam

178 2778 292 2809 revolvi
311 2786 419 2818 potest.
1055 2780 1084 2810 V
1098 2790 1119 2819 p
1143 2790 1166 2809 u
1189 2779 1370 2815 describens,
1395 2778 1538 2808 describit
1559 2780 1653 2807 etiam
1676 2777 1878 2816 perimetrum

224 2821 381 2856 Quoniam
396 2827 500 2852 autem
521 2822 656 2862 angulus
671 2822 703 2853 V
720 2823 747 2853 C
765 2822 793 2853 P
814 2822 940 2862 aequalis
960 2828 1007 2852 est
1047 2832 1071 2852 u
1085 2832 1115 2861 p,
1131 2822 1246 2862 figurae·
1261 2820 1444 2850 revolventis
1463 2830 1487 2850 u
1504 2820 1531 2850 C
1545 2829 1576 2859 p,
1603 2818 1774 2859 eodermlue
1797 2825 1877 2850 tem-

178 2861 294 2902 angulo
307 2873 327 2891 v
351 2863 378 2893 C
402 2874 423 2902 p
445 2866 515 2905 (per
528 2866 658 2902 constr.)
681 2865 739 2895 etit
761 2875 884 2905 quoque
907 2875 1006 2905 angu-
1047 2874 1121 2903 pore
1135 2863 1276 2894 describit
1289 2872 1397 2893 arcum
1410 2863 1478 2903 ejus
1492 2872 1510 2891 v
1524 2872 1554 2901 p,
1577 2871 1640 2902 quo
1660 2871 1772 2900 corpus
1791 2860 1878 2893 aliud

179 2905 229 2934 lus
245 2904 275 2934 V
293 2904 319 2935 C
335 2914 352 2933 v
365 2902 492 2944 ¹aequalis
507 2907 624 2946 angulo
641 2907 669 2937 P
687 2907 714 2938 C
728 2917 759 2946 p,
775 2907 914 2947 adeoque
934 2906 1007 2937 dats:
1050 2907 1079 2937 P
1094 2916 1201 2936 arcum
1214 2905 1272 2944 ipsi
1285 2903 1418 2934 similem
1433 2910 1464 2934 et
1478 2903 1628 2944 aequalem
1644 2903 1675 2934 V
1693 2903 1732 2940 P,
1742 2903 1780 2944 ¹in
1794 2903 1878 2944 figu-

182 2947 209 2978 C
223 2956 254 2985 p,
270 2946 483 2986 magnitudine
498 2954 530 2978 et
550 2949 709 2987 positione,
737 2949 827 2979 facile
850 2949 1005 2979 invenitur
1046 2948 1080 2977 τᾶ
1102 2948 1277 2988 quiescente
1292 2947 1323 2976 V
1339 2946 1367 2976 P
1384 2946 1428 2982 K,
1450 2946 1619 2976 describere
1641 2951 1748 2985 potest.
1794 2945 1876 2976 Vide

179 2987 289 3028 positio
302 2987 393 3018 lineae
413 2989 554 3028 apsidum
573 2991 599 3021 C
614 3001 632 3020 v
646 2991 679 3021 in
700 2993 773 3022 orbe
794 2991 900 3022 mobili
918 2991 947 3021 V
960 3001 1001 3030 p:
1050 2989 1278 3030 Van-ignonium
1293 2988 1412 3029 Legem
1427 2988 1473 3018 vis
1485 2988 1660 3028 centripetae
1680 2987 1715 3017 in
1735 2987 1875 3029 trajecto-

182 3030 252 3062 Fmt
266 3030 350 3060 enim
364 3030 621 3072 angulusVCv
642 3033 894 3074 anguloPCp,
917 3039 948 3064 et
967 3032 1006 3063 li-
1048 3031 1659 3071 rifiVpndeoemmmoeQinComm.
1676 3030 1865 3062 Pun's.1705
