2086 3542
167 236 400 292 Dei—mm]
594 240 915 282 PRINCIPIA
947 241 1438 306 MATHEMATICA.
1560 251 1562 253 ’
1767 250 1770 252 “
1842 253 1869 293 7

159 358 272 410 quod
291 372 465 412 corpora
484 358 624 399 omnia
643 358 834 400 cadentia
865 360 1026 416 (gravia
1045 375 1099 401 an
1118 360 1236 411 levia,
1268 375 1420 418 magna
1448 377 1501 403 an
1530 365 1674 417 parva)
1707 366 1867 409 sublata

159 430 265 472 aeris
285 430 529 482 resistentia,
551 431 763 487 aequaliter
783 432 996 474 accelerat.

727 559 1056 602 DEFINITIO
1093 560 1218 603 VIII.
1252 560 1295 616 (¹)

162 659 235 701 Vis
252 660 482 715 centripetae
512 661 718 714 quantitas
749 661 896 701 motrix
929 667 986 702 est
1018 662 1141 715 zpsz'us
1172 676 1352 702 mensura
1376 664 1699 716 proportionalis
1728 667 1863 715 motui,

705 746 814 785 quem
835 733 930 772 dato
950 738 1122 786 tempore
1135 739 1317 787 generat.

214 814 290 857 Uti
307 814 474 869 pondus
493 814 625 870 majus
646 814 687 855 in
708 814 865 870 majore
884 829 1075 870 corpore,
1097 816 1233 857 minus
1264 817 1306 856 in
1332 817 1519 867 minore;
1550 826 1591 860 et
1618 819 1661 859 in
1691 834 1865 874 corpore

152 885 300 926 eodem
320 886 452 940 majus
472 899 609 940 prope
630 893 796 933 terram,
819 885 956 926 minus
975 886 1019 926 in
1040 885 1169 927 coelis.
1232 887 1343 928 Haec
1363 888 1568 942 quantitas
1598 898 1661 931 est
1680 891 1865 946 corporis

151 955 276 996 totius
298 955 613 1010 centripetentia
632 970 703 996 seu
722 955 946 1011 propensio
965 956 1009 996 in
1029 964 1231 1007 centrum,
1263 965 1304 998 et
1335 960 1399 1012 (ut
1418 959 1474 999 ita
1494 959 1646 1012 dicam)
1676 961 1866 1015 pondus;

150 1033 194 1066 et
210 1025 432 1066 innotescit
452 1039 619 1080 semper
635 1039 713 1080 per
731 1026 815 1067 vim
835 1026 916 1080 ipsi
937 1027 1187 1068 contrariam
1216 1036 1258 1069 et
1285 1028 1500 1084 aequalem,
1532 1029 1613 1086 quii
1644 1031 1866 1074 descensus

151 1096 335 1151 corporis
355 1096 548 1151 impediri
566 1104 716 1151 potest.

209 1170 354 1212 Hasce
374 1170 523 1211 virium
544 1170 792 1226 quantitates
812 1170 1023 1213 brevitatis
1043 1172 1177 1228 gratia
1195 1172 1409 1213 nominare
1425 1172 1522 1214 licet
1535 1173 1642 1215 vires
1658 1173 1864 1225 motrices,

150 1242 471 1292 acceleratlices,
509 1250 550 1283 et
582 1242 814 1292 absolutas3
856 1253 897 1284 et
931 1243 1204 1285 distinctionis
1237 1245 1371 1301 gratia
1401 1245 1554 1287 referre
1588 1246 1642 1287 ad
1676 1261 1865 1302 corpora,

150 1322 338 1356 centrum
358 1315 556 1370 petentia,
579 1315 633 1356 ad
653 1330 874 1370 corporum
894 1316 999 1366 loca,
1022 1325 1063 1357 et
1083 1316 1136 1357 ad
1157 1324 1349 1358 centrum
1371 1317 1542 1358 virium:
1573 1318 1769 1371 nimirum
1784 1319 1869 1361 vim

150 1386 365 1428 motricem
396 1386 450 1427 ad
480 1401 643 1441 corpuS‚
675 1395 871 1442 tanquam
901 1395 1094 1427 conatum
1124 1387 1250 1429 totius
1279 1387 1324 1427 in
1354 1395 1541 1428 centrum
1571 1403 1625 1429 ex
1654 1390 1869 1431 conatibus

152 1457 338 1500 omnium
359 1457 540 1512 partium
560 1457 861 1511 compositum3
893 1465 934 1498 et
954 1457 1035 1497 vim
1058 1456 1388 1498 acceleratricem
1418 1457 1471 1497 ad
1500 1457 1638 1498 locum
1667 1460 1867 1514 corporis,

151 1544 348 1588 tanquam
369 1532 593 1574 efficaciam
614 1531 836 1587 quandam,
859 1531 911 1573 de
933 1540 1077 1573 centro
1098 1546 1174 1586 per
1193 1531 1285 1573 loca
1305 1531 1468 1589 singula
1487 1532 1530 1573 in
1551 1533 1723 1574 circuitu
1748 1532 1870 1574 diffu-

151 1618 252 1653 sam,
273 1602 328 1645 ad
347 1602 551 1644 movenda
572 1616 747 1656 corpora
776 1617 869 1658 quae
898 1602 944 1642 in
973 1602 1074 1657 ipsis
1113 1610 1237 1652 sunt3
1267 1602 1351 1643 vim
1382 1610 1519 1647 autem
1551 1603 1782 1645 absolutam
1815 1605 1870 1646 ad

151 1682 352 1724 centrum,
371 1682 573 1729 ‘tanquam
594 1687 718 1714 causa
736 1673 874 1729 aliqua
889 1673 1131 1729 praeditum,
1147 1674 1235 1715 sine
1248 1673 1328 1729 qua
1344 1673 1450 1715 vires
1464 1674 1656 1715 motrices
1671 1689 1756 1715 non
1770 1689 1870 1730 pro-

150 1754 359 1804 pagantur
377 1760 454 1801 per
474 1746 665 1802 regiones
685 1746 731 1786 in
752 1745 925 1791 circuitu
940 1762 953 1796 3
985 1746 1070 1788 sive
1092 1760 1216 1788 causa
1235 1746 1308 1788 illa
1327 1746 1379 1788 sit
1397 1761 1549 1802 corpus
1578 1747 1745 1803 aliquod
1772 1762 1868 1791 cen-⁶

151 1863 241 1895 initio
267 1864 371 1895 motus
395 1869 532 1904 tempore
559 1863 653 1905 quam
679 1864 811 1896 minimo
838 1864 989 1904 producta

151 1907 369 1945 consideretur,
384 1913 459 1938 tunc
474 1907 558 1937 enim
573 1908 619 1938 vis
634 1907 700 1948 agit
713 1908 917 1938 uniformiter.

197 1953 245 1980 14.
274 1950 305 1980 Si
330 1950 375 1979 vis
400 1949 503 1990 aliqua
528 1959 584 1988 per
608 1949 710 1980 radios
738 1949 930 1991 divergentes
954 1949 986 1980 in

150 1991 255 2022 medio
268 2002 332 2022 non
345 1992 503 2022 resistente
518 1992 720 2028 diffundatur,
733 1993 778 2022 vis
790 1992 984 2023 acceleratrix

152 2033 298 2064 decrescit
324 2034 358 2064 in
385 2034 502 2065 ratione
531 2034 689 2074 duplicata
716 2034 931 2065 distantiarum
967 2045 986 2065 a

134 2082 279 2113 .centro;
301 2086 374 2106 nam
396 2077 470 2116 quia
493 2076 540 2106 vis
565 2077 629 2111 illa,
657 2087 695 2107 ex
710 2078 795 2117 hyp„
822 2077 856 2107 in
881 2078 985 2109 medio

153 2128 217 2148 non
245 2118 405 2148 resistente
432 2125 642 2159 propagatur,
661 2119 768 2150 nullus
795 2119 988 2158 intercipitur

151 2160 267 2197 radius,
293 2170 351 2191 nec
375 2160 421 2190 vis
444 2160 639 2201 singulorum
663 2162 824 2199 minuitur,
850 2161 988 2202 adeoque

154 2203 231 2233 radii
245 2203 299 2242 qui
314 2202 347 2232 in
363 2202 507 2233 distantia
523 2204 552 2233 T
567 2203 606 2238 L,
629 2204 945 2243 perhemisphaerium
969 2214 988 2233 a

153 2245 347 2275 semicirculo
375 2245 407 2275 D
425 2245 453 2274 L
471 2245 498 2275 C
520 2245 704 2283 descriptum
726 2245 986 2282 diffundebantur,

150 2287 186 2317 in
206 2287 348 2325 distantia
387 2287 417 2318 T
434 2287 477 2323 K,
495 2295 550 2326 por
574 2287 825 2326 hemisphaerium
852 2288 882 2318 E
901 2288 933 2318 K
952 2289 987 2318 H

152 2336 384 2370 propagantur3
408 2336 454 2359 est
468 2337 571 2360 autem
587 2329 634 2359 vis
646 2329 841 2360 accelerati-ix
854 2336 891 2360 ut
903 2329 985 2360 radi-

151 2382 242 2403 orum
256 2372 400 2409 densitas,
415 2377 447 2402 et
459 2372 618 2402 mdiorum
633 2371 766 2402 densitas
787 2378 833 2402 est
853 2372 984 2410 recipro-

151 2413 188 2445 ce
202 2421 238 2445 ut
258 2414 434 2453 superficies
454 2414 737 2453 hemisphaeriorum
753 2425 771 2444 a
785 2414 985 2449 semicirculis

151 2456 392 2495 descriptorum3
422 2466 495 2486 nam
523 2456 681 2487 radiorum
709 2456 843 2486 densitas
871 2463 917 2487 est
950 2462 986 2486 ut

151 2509 274 2529 summa
287 2509 342 2529 seu
364 2509 511 2529 numerus
535 2499 692 2530 radiorum
717 2509 772 2537 per
794 2499 987 2538 superficiem

151 2551 245 2581 quam
260 2547 412 2580 occupant
425 2540 558 2579 divisus3
580 2540 632 2571 hie
646 2541 729 2571 enim
745 2551 867 2571 summa
887 2541 987 2571 mdio-

151 2593 222 2614 rum
237 2589 284 2614 est
297 2589 333 2614 ut
346 2593 454 2618 massa,
468 2583 647 2622 superficies
660 2582 732 2614 vero
747 2583 799 2614 cui
822 2583 930 2613 insunt
952 2589 988 2613 ut

151 2626 307 2656 volumen.
350 2624 470 2656 Verum
485 2635 556 2655 cum
571 2636 627 2665 per
639 2626 727 2665 hyp„
741 2625 825 2656 idem
838 2635 989 2656 numerus

151 2668 310 2699 radiorum
338 2667 514 2707 superficies
537 2667 733 2708 singulorum
758 2668 987 2707 hemisphaerio-

151 2720 221 2740 rum
236 2717 374 2750 occupet.
399 2710 456 2740 erit
477 2710 611 2740 densitas
634 2709 791 2740 radiorum
813 2711 845 2740 in
868 2711 987 2740 ratione

151 2752 269 2783 inversa
284 2753 406 2783 illarum
422 2753 651 2791 superficierum
673 2753 705 2782 in
727 2752 834 2792 quavis
847 2763 866 2783 a
880 2758 985 2783 centro

152 2794 296 2826 distantia
321 2795 562 2834 descriptarum;
593 2794 654 2824 111ae
679 2800 784 2825 autem
808 2794 983 2834 superficies

152 2843 226 2867 sunt
239 2839 272 2867 in
280 2838 404 2868 ‘ratione
418 2836 575 2876 duplic-atii
595 2836 808 2867 distantiarum
822 2848 841 2867 a
855 2844 981 2875 centr03

152 2878 226 2919 ergo
239 2886 271 2910 et
285 2880 329 2910 vis
350 2880 542 2910 accelerati-ix
564 2885 610 2910 est
634 2879 667 2909 in
690 2880 808 2910 ratione
828 2861 984 2919 duplicati}

153 2921 364 2952 distantiarum
379 2932 397 2952 a
411 2929 517 2952 centro
539 2921 697 2961 reciproce.
747 2922 921 2963 Egregium
946 2922 984 2951 il-

153 2963 208 2993 lud
223 2964 387 2999 theorema,
403 2970 439 2994 ut
453 2974 490 2994 ex
513 2964 773 2995 demonstratione
797 2971 889 3003 patet,
916 2974 983 2994 om-

153 3015 224 3036 nem
246 3006 382 3036 excludit
405 3006 501 3036 medii
525 3006 749 3044 resistentiam3
771 3017 867 3047 quare
890 3012 926 3036 ut
951 3007 984 3036 in

154 3047 288 3087 physicis
302 3048 409 3085 valeat,
432 3048 527 3078 medii
551 3048 720 3079 resistentia
744 3050 776 3078 in
802 3055 985 3088 computum

154 3090 258 3120 venire
273 3089 372 3120 debet.
420 3090 502 3120 Haec
516 3097 620 3121 autem
643 3091 754 3120 virium
775 3101 830 3121 seu
854 3090 985 3140 qualita-

154 3137 223 3162 tum
237 3142 255 3162 e
276 3138 381 3162 centro
401 3133 610 3162 emanantium
635 3133 751 3163 theoria
776 3132 816 3162 ad
837 3133 987 3173 majorem

157 3174 416 3205 universalitatem
430 3173 533 3205 reduci
548 3180 655 3213 potest,
666 3174 692 3204 si
702 3174 747 3204 vis
756 3175 790 3204 in
801 3174 986 3215 singulisra-

1030 1863 1089 1896 diis
1102 1863 1185 1897 varie
1197 1863 1359 1905 propagari
1374 1870 1575 1904 supponatur,
1598 1870 1653 1896 aut
1665 1864 1759 1895 etiam
1774 1863 1800 1894 si
1813 1874 1869 1903 per

1030 1907 1126 1939 lineas
1140 1918 1249 1938 curvas
1263 1907 1397 1941 diffundi
1411 1908 1556 1948 fingatur.
1605 1907 1667 1938 Sed
1680 1908 1747 1938 haec
1767 1906 1868 1938 fusius

1030 1960 1052 1989 p
1075 1991 1116 2035 (¹)
1140 1955 1705 2031 11¹¹5.prgissi;n{e¹iit›iipegttauii1mdxoepore
1729 1991 1768 2022 ad
1793 2002 1866 2022 cen-

1028 2040 1113 2065 trum
1127 2035 1275 2075 propulso
1289 2034 1521 2072 consido-etun
1545 2040 1582 2065 ut
1596 2040 1679 2065 totus
1700 2034 1784 2064 illius
1797 2044 1866 2064 cor.

1028 2077 1111 2116 poris
1139 2078 1172 2106 in
1201 2082 1343 2108 centrum
1371 2083 1501 2108 conatus
1528 2087 1583 2107 seu
1612 2076 1658 2107 vis
1690 2076 1866 2115 centripetae

1029 2119 1183 2159 quantitas
1195 2120 1308 2150 motrix
1322 2120 1483 2156 habeatur,
1495 2119 1638 2150 ducenda
1651 2125 1698 2149 est
1711 2129 1811 2149 massa
1832 2118 1865 2148 in

1029 2162 1092 2192 vim
1107 2162 1372 2200 acceleratricem3
1394 2172 1467 2192 uam
1481 2162 1527 2191 vis
1548 2162 1659 2193 motrix
1682 2161 1778 2191 totius
1798 2170 1865 2191 cor-

1029 2204 1112 2243 poris
1140 2204 1337 2244 componitur
1363 2213 1401 2234 ex
1430 2205 1576 2234 omnibus
1603 2203 1728 2240 viribus,
1753 2204 1866 2243 quibus

1032 2245 1157 2287 singula
1170 2246 1301 2287 aqualis
1314 2246 1468 2277 elementa
1481 2252 1657 2288 urgentur,
1666 2245 1805 2285 adeoque
1826 2255 1865 2275 ex

1030 2289 1060 2318 vi
1076 2289 1284 2319 accelerati-ice
1298 2288 1388 2319 toties
1402 2288 1526 2328 sumpta
1545 2294 1622 2337 quot
1642 2286 1716 2318 sunt
1739 2288 1771 2316 in
1797 2297 1865 2317 cor-

1027 2340 1101 2369 pore
1115 2331 1246 2371 aqualia
1259 2331 1395 2360 materiae
1409 2330 1570 2364 elementa.
1592 2330 1656 2360 sive
1670 2339 1709 2360 ex
1723 2330 1751 2358 vi
1766 2328 1866 2360 accel-

1030 2373 1157 2403 erati-icc
1176 2373 1210 2402 in
1231 2382 1363 2402 massam
1385 2372 1488 2402 ducta.
1548 2371 1758 2410 Supponimus
1779 2371 1864 2401 enim

1027 2414 1151 2463 singula
1164 2413 1316 2444 elementa
1329 2414 1469 2453 aequalia,
1485 2413 1596 2453 equali
1610 2413 1640 2442 vi
1655 2412 1864 2443 acceleratrice

1028 2456 1142 2497 urgeri.
1191 2456 1252 2486 Sed
1266 2456 1312 2486 vis
1325 2455 1519 2485 acceleratrix
1534 2461 1580 2485 est
1593 2461 1629 2485 ut
1642 2455 1781 2486 celeritas
1790 2455 1864 2492 dato

1031 2505 1170 2538 tempore
1184 2498 1289 2539 genita
1304 2497 1388 2539 (18),
1410 2495 1485 2538 ergo
1506 2497 1551 2527 vis
1573 2497 1750 2536 centripetae
1763 2507 1862 2537 quan-

1030 2540 1102 2571 titas
1115 2540 1227 2571 mou-ix
1252 2546 1299 2570 est
1322 2546 1359 2570 ut
1381 2549 1483 2569 massa
1506 2539 1541 2569 in
1567 2539 1575 2546 '
1675 2539 1862 2571 celeritatem

1029 2583 1133 2619 ducta,
1148 2593 1204 2613 seu
1217 2588 1254 2612 ut
1267 2582 1422 2622 quantitas
1435 2581 1547 2617 motus,
1559 2581 1632 2612 dato
1645 2587 1783 2621 tempore
1790 2592 1862 2621 pro-

1030 2625 1132 2655 ducta.
1183 2625 1215 2656 si
1239 2624 1336 2665 igitur
1361 2624 1408 2654 vis
1433 2623 1627 2654 acceleratrix
1652 2624 1780 2662 dicamr,
1799 2625 1836 2655 <G
1849 2635 1860 2662 ;

1030 2677 1139 2703 massa,
1157 2668 1205 2702 M,
1229 2667 1274 2696 vis
1286 2667 1408 2704 motrix,
1423 2677 1455 2706 p,
1470 2667 1527 2696 erit
1540 2676 1570 2706 p,
1586 2671 1631 2702 ut,
1648 2666 1687 2696 M
1705 2667 1747 2704 G,
1762 2673 1795 2698 et
1808 2667 1860 2704 M,

1030 2717 1123 2749 utp:
1147 2709 1471 2749 G‚etG,utp3M‚
1494 2718 1664 2739 seumassa
1687 2715 1734 2739 eet
1757 2714 1795 2740 ut
1816 2709 1862 2739 vis

1029 2752 1141 2782 motrix
1156 2762 1212 2791 per
1227 2752 1287 2782 vim
1302 2751 1542 2782 acceleratricem
1564 2750 1670 2788 divisa,
1690 2757 1723 2782 et
1742 2751 1790 2782 vis
1809 2762 1861 2782 ac-

1025 2795 1194 2831 celerauix,
1209 2800 1246 2824 ut
1259 2794 1304 2824 vis
1318 2793 1429 2824 matrix
1451 2803 1505 2831 per
1526 2803 1658 2824 massam
1679 2793 1784 2825 divisa.
1827 2794 1860 2825 Si

1026 2837 1098 2868 duae
1112 2837 1230 2867 fuerint
1243 2837 1322 2867 vires
1334 2836 1477 2866 matrices
1495 2835 1523 2865 P
1537 2841 1569 2866 et
1581 2845 1613 2875 p,
1635 2843 1691 2866 seu
1707 2836 1745 2866 M
1764 2837 1806 2872 G,
1829 2843 1862 2868 et

1025 2889 1102 2919 mg,
1119 2879 1262 2920 aequales,
1284 2878 1419 2909 eritM.
1438 2887 1591 2918 m=g.
1612 2878 1656 2917 G,
1676 2888 1731 2909 seu
1752 2889 1861 2910 massae

1027 2929 1100 2952 sunt
1122 2928 1158 2952 ut
1179 2922 1258 2951 vires
1282 2920 1507 2951 acceleratrices
1529 2919 1704 2959 reciproce;
1728 2927 1760 2951 et
1779 2922 1861 2952 vice-

1027 2962 1728 3003 ve1sa,siM·m=g:G‚en'tmg=M
1747 2964 1790 3001 G,
1805 2975 1861 2995 seu

1026 3006 1051 3036 si
1068 3017 1175 3037 massae
1189 3012 1261 3036 sunt
1274 3004 1425 3043 reciproce
1437 3011 1474 3036 ut
1483 3004 1562 3035 vires
1571 3005 1804 3043 acceleratrices,
1816 3007 1861 3036 vi-

1026 3058 1075 3079 res
1085 3048 1226 3078 motrices
1236 3054 1309 3077 sunt
1320 3046 1462 3086 aequales.
1493 3047 1592 3078 Pons)
1602 3057 1675 3077 cum
1685 3048 1767 3080 vires
1775 3058 1861 3078 acce⁴

1027 3091 1181 3121 leratrices
1194 3090 1255 3119 sint
1272 3095 1308 3119 ut
1321 3089 1488 3120 celeritates
1501 3089 1574 3120 dato
1587 3095 1727 3129 tempore
1747 3091 1862 3139 genitae

1030 3137 1114 3173 (18),
1129 3132 1163 3162 in
1177 3131 1382 3171 superioribus
1396 3132 1649 3171 proportionibus
1663 3131 1732 3163 loco
1749 3132 1861 3163 virium

1027 3173 1272 3206 acceleratricum
1299 3173 1466 3213 celeritates
1479 3174 1542 3205 inae
1556 3174 1698 3206 substitui
1719 3181 1857 3214 posunt·

970 3213 1045 3243 A4
