2086 3542
261 254 337 291 180
456 308 461 309 V
616 229 1074 290 PHxLosOPHJAE
1110 247 1469 303 NATURALIS
1583 249 1727 301 [Mo'r.
1750 250 1954 298 Coneon.

251 363 348 405 sibit
364 377 441 418 per
472 370 658 404 centrum
683 363 949 418 -trajectoriae.
1011 363 1168 404 Rursus
1207 363 1352 419 figurae
1386 363 1686 419 quadrilaterae¹
1712 366 1757 407 Β.
1771 366 1815 408 G
1834 367 1879 408 D
1901 368 1937 410 F

250 436 326 478 sub
338 434 651 491 *aliissquibusvis
671 441 845 490 quatuor
858 434 1118 490 tangentibus
1138 442 1352 498 contentae,
1384 435 1619 491 diagonales
1641 440 1704 491 (ut
1721 437 1780 478 ita
1793 438 1945 492 dicam)

251 508 290 550 B
309 508 367 559 D,
391 507 434 549 G
456 507 491 548 F
509 507 645 548 biseca
659 506 703 547 in
734 505 770 547 P
796 514 838 547 et
858 506 922 554 Q:
955 513 996 546 et
1014 514 1125 546 recta
1147 506 1183 546 P
1205 505 1247 554 Q
1276 520 1349 560 per
1377 515 1530 560 puncta
1558 507 1837 550 bisectionum.
1857 517 1949 552 acta

248 577 437 619 transibit
454 591 530 631 per
549 584 735 618 centrum
755 575 1009 630 trajectoriae.
1067 575 1248 616 Dabitur
1268 589 1367 631 ergo
1386 583 1574 616 centrum
1602 577 1645 618 in
1665 593 1865 620 concursu
1883 579 1946 621 bi—
1967 593 1971 595 ·

247 648 481 703 secantium.
541 648 603 691 Sit
622 646 724 688 illud
745 646 798 688 O.
830 645 881 700 (¹²)
904 645 1112 700 Tangenti
1131 645 1269 699 cuivis*
1294 646 1331 686 B
1371 646 1407 687 C
1428 647 1666 701 parallelam
1701 665 1778 706 age
1815 650 1857 691 K
1892 650 1946 700 L,

245 719 299 761 ad
327 734 417 760 eam
447 718 678 760 distantiam
707 725 754 758 ut
792 724 978 758 centrum
1009 715 1049 756 O
1079 716 1123 755 in
1151 715 1289 756 medio
1317 716 1424 757 inter
1451 719 1667 772 parallelas
1700 721 1873 772 locetur,
1905 731 1948 764 et

245 799 335 833 acta
357 791 399 832 K
420 790 458 832 L
477 797 618 846 tanget
645 789 918 844 trajectoriam
949 787 1277 828 describendam.
1337 787 1457 828 Secet
1485 788 1575 830 haec
1603 798 1816 846 tangentes
1846 792 1946 833 alias

246 863 407 918 quasvis
425 862 527 904 duas
546 862 588 904 G
606 861 641 903 C
662 861 720 911 D,
740 861 775 901 F
787 861 831 903 D
849 860 886 901 E
906 859 949 900 in
971 858 1016 900 L·
1030 866 1071 899 et
1085 858 1139 900 K.
1173 858 1255 899 Per
1274 857 1421 898 harum
1436 860 1692 915 tangentium
1707 875 1792 902 non
1809 862 1946 916 paral-

243 933 414 1005 lelarum
437 933 473 974 C
490 933 541 983 L,
575 932 610 973 F
632 932 674 973 K
694 946 788 973 cum
816 930 1020 985 parallelis
1044 930 1079 971 C
1113 930 1160 979 F,
1195 930 1237 970 K
1259 930 1297 971 L
1333 944 1553 971 concursus
1577 931 1613 972 C
1634 938 1675 972 et
1692 931 1747 982 Κ,
1772 932 1807 974 F
1844 941 1885 975 et
1906 934 1944 976 L

243 1020 319 1062 age
338 998 374 1047 C
397 1005 451 1055 K,
476 1006 511 1046 F
531 1005 570 1046 L
590 1011 877 1045 concurrentes
898 1004 942 1043 in
964 1004 1017 1053 R,
1049 1010 1090 1043 et
1108 1010 1220 1043 recta
1241 1002 1282 1044 Ο
1306 1003 1345 1044 R
1366 1003 1490 1044 ducta
1506 1011 1549 1044 et
1567 1003 1771 1058 producta
1791 1007 1944 1057 secabit

244 1083 456 1131 tangentes
495 1075 708 1130 parallelas
731 1075 767 1116 C
796 1075 843 1125 F,
878 1074 920 1115 K
942 1074 980 1116 L
1009 1074 1061 1129 in*
1082 1074 1243 1128 punctis
1273 1082 1547 1116 contactuum.
1608 1076 1729 1117 Patet
1758 1077 1837 1122 hoc
1867 1093 1943 1134 per

247 1145 386 1186 Corol.
409 1151 446 1186 2.
469 1145 583 1186 Lem.
607 1144 780 1186 XXIV.
841 1143 998 1185 Eadem
1018 1142 1213 1184 methodo
1233 1144 1415 1185 invenire
1448 1145 1542 1185 licet
1571 1145 1651 1186 alia
1679 1154 1938 1190 contactuum

241 1223 406 1270 puncta,
429 1222 470 1258 et
489 1223 577 1258 tum
597 1215 764 1257 demum
777 1229 854 1270 per
869 1222 1090 1257 construet.
1114 1215 1239 1257 Prob.
1264 1215 1386 1257 XIV.
1403 1217 1676 1272 trajectoriam
1692 1218 1939 1265 describere.

245 1286 299 1337 Q.
321 1287 399 1329 e.f.

999 1482 1202 1526 Scholium·

296 1607 569 1656 Problemata,
600 1605 673 1647 ubi
693 1605 842 1646 dantur
861 1604 1185 1660 trajectoriarum
1214 1604 1279 1646 vel
1299 1611 1438 1646 centra
1457 1605 1520 1646 vel
1541 1606 1773 1661 asymptoti,
1803 1607 1934 1650 inclu-

238 1680 393 1722 duntur
411 1678 455 1719 in
474 1676 811 1732 praecedentibus.
873 1676 919 1730 (⁰)
953 1676 1062 1717 Nam
1083 1676 1186 1716 datis
1206 1676 1365 1729 punctis
1396 1684 1437 1717 et
1456 1677 1717 1732 tangentibus
1738 1677 1819 1719 una
1838 1693 1932 1720 cum

238 1824 352 1854 dantur
364 1822 455 1852 lineae
467 1831 484 1852 e
498 1822 540 1857 Q,
555 1820 585 1851 E
598 1829 627 1860 q,
643 1819 727 1849 linea
742 1818 936 1849 easbisecans
948 1818 1004 1848 erit
1018 1818 1064 1848 lo-
1111 1818 1308 1858 tangentibus
1322 1827 1385 1847 non
1399 1817 1550 1855 parallelis
1572 1817 1621 1848 vel
1647 1817 1766 1848 duabus
1779 1821 1932 1860 tangenti.

238 1876 294 1897 cus
322 1865 416 1895 centri
445 1863 575 1904 figurae:
614 1861 714 1900 quue
740 1870 859 1899 semper
882 1870 989 1891 verum
1007 1860 1063 1890 erit
1108 1861 1168 1890 bus
1187 1859 1440 1898 convergentibus
1455 1866 1485 1889 et
1512 1858 1639 1898 puncto,
1661 1860 1711 1890 vel
1733 1866 1878 1901 tangente
1899 1867 1932 1893 et

238 1915 466 1947 quamcumque
491 1904 623 1945 figuram
647 1903 761 1933 faciant
774 1902 864 1932 lineae
881 1903 910 1932 E
935 1903 976 1938 D,
1001 1913 1018 1932 e
1032 1912 1061 1941 q.
1108 1902 1231 1939 punctis
1245 1901 1374 1937 duobus,
1398 1901 1447 1931 vel
1467 1902 1588 1939 punctis
1612 1901 1718 1939 tribus,
1742 1903 1854 1933 dantur
1877 1914 1929 1935 aex

239 1949 318 1986 EQ,
331 1948 394 1984 QB
410 1948 472 1978 sive
481 1957 545 1977 sese
564 1946 723 1976 decussent
731 1945 793 1974 sive
803 1944 970 1983 trapezium
988 1954 1063 1974 con·
1107 1949 1275 1983 tangenteS,
1299 1943 1347 1973 vel
1368 1949 1528 1982 tangentes
1542 1949 1673 1983 quatuor
1687 1950 1718 1974 et
1731 1951 1845 1983 puncta
1854 1945 1927 1982 duo,

238 1991 374 2027 stimant,
395 1988 583 2028 concipiatur
593 1987 659 2017 illas
674 1986 836 2016 diametros
851 1986 922 2016 duci
932 1996 1062 2025 quarum
1106 1985 1153 2015 vel
1168 1992 1298 2026 tangens
1312 1991 1343 2015 et
1367 1990 1482 2025 puncta
1500 1993 1639 2025 quatuor,
1661 1986 1710 2016 vel
1723 1993 1840 2026 puncta
1862 1997 1929 2026 sex,

237 2039 340 2064 vertex
350 2032 431 2062 estin
440 2036 554 2070 puncto
563 2028 720 2060 contactus
728 2030 838 2059 harum
847 2028 996 2058 linearum
1006 2028 1062 2059 do-

240 2084 299 2105 nec
313 2078 474 2104 occurrant
483 2082 584 2103 curvae
599 2072 694 2102 altero
705 2080 761 2100 suo
771 2070 890 2105 vertice,
902 2075 1061 2110 tangentes

237 2117 272 2147 in
283 2116 437 2147 eovertice
443 2114 544 2145 ductae
549 2119 640 2144 erunt
645 2112 799 2152 parallelae
808 2111 975 2151 prioribus:
994 2113 1060 2142 Da-

237 2160 354 2190 buntur
372 2167 446 2198 ergo
463 2156 617 2196 parallelae
628 2155 749 2186 duabus
762 2154 851 2184 lineis
864 2154 892 2184 E
911 2154 954 2190 D,
975 2154 1007 2190 Q
1022 2155 1058 2192 B,

236 2211 307 2241 quae
328 2205 419 2231 erunt
432 2204 592 2239 tangentes
611 2207 719 2234 curvae,
736 2196 866 2236 ideoque
890 2196 942 2226 fiet
967 2203 1002 2226 ut
1026 2198 1059 2226 in

236 2241 407 2274 Lemmatis
424 2240 584 2281 hypothesi
602 2239 921 2279 parallelogrammum
935 2238 1065 2270 MIKL

279 2290 420 2315 constans
433 2288 564 2323 quatuor
587 2281 783 2322 tangentibus
797 2290 926 2321 quarum
939 2282 1059 2319 opposi-

232 2331 273 2357 tae
288 2331 378 2357 erunt
400 2325 479 2355 inter
495 2335 527 2354 se
538 2324 700 2363 parallelae,
717 2329 746 2353 et
759 2328 918 2362 tangentes
935 2323 964 2352 E
983 2322 1017 2357 Q
1028 2328 1059 2353 et

233 2379 251 2399 e
261 2379 281 2409 q
295 2366 477 2399 considerari
492 2371 636 2405 poterunt
656 2371 692 2395 ut
712 2364 818 2405 quinta
840 2370 871 2394 et
893 2370 977 2394 sexta
991 2370 1058 2394 tan-

232 2421 308 2451 gens
322 2410 362 2440 de
383 2409 494 2450 quibus
507 2408 609 2449 agitur
621 2408 655 2437 in
668 2409 726 2438 hoc
743 2407 912 2443 Lemmate‚
928 2406 1058 2445 ideoque

232 2463 287 2491 per
307 2453 374 2494 ejus
390 2451 595 2483 Corollarium
611 2454 639 2481 8.
667 2452 694 2481 si
720 2451 885 2480 bisecentur
894 2450 980 2478 lineoe
992 2451 1061 2486 Eq,

231 2505 248 2525 e
264 2497 290 2530 Q
303 2501 331 2526 et
340 2500 422 2525 recta
432 2504 489 2534 per
502 2494 691 2524 bisectionum
699 2497 818 2531 puncta
828 2496 946 2530 agatur,
951 2493 1055 2522 *ransi-

232 2538 272 2568 bie
286 2539 348 2568 haec
359 2547 414 2576 per
428 2543 566 2567 centrum
582 2535 721 2575 Sectionis
738 2535 865 2569 Conicae,
882 2533 937 2562 διε.

276 2578 319 2618 (b)
342 2581 415 2609 337.
443 2577 534 2608 Datis
553 2575 694 2607 sectionis
708 2575 821 2605 conicae
836 2580 940 2604 centro
962 2574 1002 2610 Ο,
1026 2580 1056 2604 et

233 2626 378 2661 tangente
392 2618 500 2659 quavis
517 2620 545 2650 B
564 2618 600 2653 F,
623 2617 718 2648 altera
739 2622 868 2657 tangens
885 2616 913 2645 L
931 2616 963 2646 K
976 2616 1056 2646 datae

232 2662 376 2700 parallela
389 2661 480 2692 facile
494 2660 649 2691 invenitur
663 2671 672 2696 ;
696 2659 779 2689 Nam
791 2667 846 2697 per
860 2663 999 2687 centrum
1023 2658 1053 2688 Ο

234 2704 363 2734 ducatur
390 2709 473 2734 recta
494 2703 608 2743 quoevis
635 2701 756 2731 infinita
769 2701 811 2730 M
828 2700 858 2731 Ο
871 2700 902 2730 N
917 2699 1054 2739 tangenti

234 2745 312 2775 datae
327 2755 488 2775 occurrens
502 2746 536 2774 in
550 2746 591 2781 N,
612 2749 643 2774 et
666 2742 788 2782 sumpta
806 2743 835 2773 Ο
852 2742 891 2772 Μ
902 2754 947 2770 =
965 2741 995 2771 O
1020 2741 1053 2771 N

234 2796 289 2824 per
304 2788 341 2817 M
357 2787 487 2817 ducatur
503 2787 542 2817 M
559 2787 592 2818 K
606 2785 746 2826 tangenti
765 2785 844 2815 datae
862 2784 888 2814 F
911 2784 938 2813 B
954 2783 1051 2821 para]-

235 2827 304 2864 lela‚
328 2828 384 2858 erit
406 2829 444 2858 M
462 2829 495 2859 K
510 2835 640 2870 tangens
655 2840 663 2865 ;
687 2827 711 2856 si
737 2827 820 2857 enim
834 2835 888 2866 per
902 2830 1052 2864 punctum

236 2869 392 2900 contactus
408 2870 437 2900 T
451 2876 481 2900 et
495 2877 634 2901 centrum
652 2870 682 2900 Ο
698 2875 806 2908 agatur
833 2866 974 2898 sectionis
988 2867 1052 2896 dia-
1096 2864 1207 2904 quibus
1221 2863 1299 2894 datis
1313 2862 1482 2904 trajecten-ia
1496 2862 1623 2893 describi
1647 2868 1746 2902 potest
1759 2873 1814 2903 per
1824 2861 1916 2904 Prop.

235 2917 331 2940 meter
344 2912 372 2941 T
385 2912 414 2942 O
433 2912 463 2946 S,
486 2913 543 2942 erit
560 2913 581 2943 S
598 2913 685 2943 O=
704 2910 733 2941 0
751 2911 780 2941 Τ
794 2916 825 2940 et
838 2915 967 2948 tangens
981 2909 1013 2938 in
1032 2909 1052 2939 S
1098 2908 1163 2948 (27.
1190 2909 1239 2937 26.
1265 2910 1313 2936 25.
1337 2910 1385 2935 24.
1413 2909 1459 2937 25.
1485 2904 1563 2944 22).
1622 2905 1672 2935 Ex
1702 2905 1780 2936 datis
1801 2911 1918 2943 centro,

234 2953 372 2992 tangenti
387 2953 419 2982 in
436 2954 464 2983 T
479 2954 622 2992 parallela
636 2954 749 2984 lineam
764 2953 798 2983 N
815 2952 844 2983 Ο
861 2952 899 2982 Μ
914 2950 957 2981 ita
971 2961 1052 2980 seca-
1096 2949 1242 2978 alterutro
1256 2957 1321 2983 axe,
1345 2953 1376 2978 et
1389 2947 1510 2977 duabus
1522 2946 1718 2987 tangentibus
1734 2957 1796 2978 non
1817 2946 1918 2987 panl-

235 2994 280 3025 bit
293 2993 325 3023 in
343 2994 391 3028 M,
414 3000 451 3023 ut
465 2995 503 3025 sit
516 2996 552 3025 M
568 2996 597 3026 Ο
612 3008 657 3025 =
675 2995 705 3026 O
722 2995 764 3032 N,
787 2995 836 3032 ob,
861 2994 883 3025 S
900 2993 930 3024 Ο
946 3005 954 3024 z
976 2993 1006 3024 Ο
1024 2993 1053 3023 Τ
1098 2990 1175 3027 lens,
1197 2989 1245 3020 vel
1259 2995 1404 3030 tangente
1418 2995 1448 3020 et
1469 2995 1584 3028 punctu
1598 2990 1776 3030 trajectorioe
1792 2988 1917 3027 Emod-

239 3048 285 3065 =
303 3035 340 3066 M
359 3028 413 3066 Ol:
435 3035 465 3065 O
484 3036 525 3083 N.
1096 3043 1140 3064 coe
1162 3039 1193 3064 nt
1209 3033 1424 3073 Hyperbolicoe
1438 3043 1476 3064 ex
1494 3033 1706 3066 Lemmatibus
1727 3037 1920 3078 sequentibus

280 3077 325 3119 (ο)
359 3080 431 3107 5:38.
459 3076 548 3107 Hinc
570 3078 648 3108 datis
660 3083 769 3118 praeter
793 3084 932 3109 centrum
961 3077 1057 3108 tribus
1098 3074 1190 3107 facile
1203 3075 1422 3106 describuntur.
