2158 3562
291 220 390 260 xxiv
994 218 1294 263 EDITORIS

288 332 577 390 sesquiplicata
596 333 883 376 distantiarum
903 349 927 375 a
951 334 1052 385 sole,
1084 342 1249 390 oportet
1266 334 1446 390 partium
1477 334 1643 377 vorticis
1675 331 1871 389 periodos
1902 344 2001 373 ean·-

289 403 386 444 dem
405 403 607 446 rationem
627 419 803 447 servare.
866 404 972 446 Inde
998 403 1094 446 vero
1122 405 1319 461 sequitur,
1341 405 1448 447 vires
1469 404 1717 462 centrifugas
1737 403 1886 445 harum
1905 416 2002 458 par-

288 475 392 517 tium
421 475 509 518 fore
539 476 748 532 reciproce
778 485 824 518 ut
858 477 1058 533 quadrata
1092 477 1391 520 distantiarum.
1453 479 1562 529 Quae
1596 479 1722 536 igitur
1754 478 1910 533 majore
1940 475 2003 516 in-

288 546 461 588 tervallo
492 547 646 589 distant
666 564 690 589 a
710 556 866 599 centro,
898 549 1087 590 nituntur
1117 549 1171 591 ab
1203 550 1350 591 eodem
1380 550 1573 592 recedere
1602 550 1762 591 minore
1791 548 1854 589 vi:
1891 545 2004 588 unde

289 619 322 660 si
361 619 497 662 minus
534 620 674 663 densae
708 621 872 671 fuerint,
910 636 1078 663 necesse
1113 630 1176 664 est
1209 630 1257 663 ut
1295 622 1443 663 cedent
1481 621 1521 662 vi
1550 621 1707 676 majori,
1741 618 1823 677 qua
1862 626 2002 674 partes

289 697 432 732 centro
465 691 682 747 propiores
722 691 945 733 ascendere
985 701 1202 734 conantur.
1278 691 1519 733 Ascendent
1539 706 1640 749 ergo
1671 690 1898 739 densiores,
1930 687 2005 730 de.-

289 761 489 804 scenden't
520 763 655 804 minus
677 762 831 813 densae,
866 771 908 804 et
941 763 1129 804 locorum
1159 763 1233 804 fiet
1263 762 1440 804 invicem
1465 762 1741 817 permutatim
1783 761 1917 802 donec
1946 759 2006 800 ita
2026 814 2038 817 „

287 832 412 875 fuerit
431 833 630 890 disposita
650 842 772 890 atque
793 834 983 875 ordinata
1013 834 1186 876 materia
1208 834 1337 876 fluida
1356 834 1482 876 totius
1502 833 1681 883 vorticis,
1713 840 1760 874 ut
1788 830 2006 888 conquies-

288 918 382 946 cere
396 905 484 960 jam
498 905 630 960 possit
649 905 692 945 in
726 905 958 961 aequilibrio
985 906 1220 948 constituta.
1283 906 1327 948 Si
1346 906 1443 947 bina
1473 904 1614 956 fluida,
1647 919 1824 961 quorum
1845 903 2009 945 diversa

287 983 348 1017 est
368 975 561 1027 densitas,
593 977 637 1017 in
672 976 820 1017 eodem
839 991 936 1018 vase
968 977 1259 1027 continentum
1290 977 1432 1033 utique
1463 976 1649 1018 futurum
1670 983 1733 1017 est
1752 983 1800 1017 ut
1816 974 2006 1024 fluidum,

288 1047 402 1102 cujus
422 1047 554 1102 major
573 1054 635 1088 est
656 1046 851 1097 densitas,
883 1048 1039 1103 majore
1059 1047 1100 1089 vi
1119 1048 1330 1105 gravitatis
1350 1048 1541 1089 infimum
1560 1055 1674 1103 petat
1692 1047 1855 1089 locum:
1886 1053 1929 1088 et
1942 1060 2010 1088 ra-

286 1119 399 1162 tione
418 1135 504 1161 non
526 1120 704 1162 absimili
724 1121 895 1162 omnino
912 1121 1137 1163 dicendum
1165 1130 1243 1172 est,
1275 1122 1487 1163 densiores
1508 1121 1675 1163 vorticis
1694 1128 1833 1176 partes
1853 1120 2011 1175 maj0re

286 1189 327 1230 vi
347 1190 575 1247 centrifuga
596 1199 738 1246 petere
759 1206 999 1245 supremum
1020 1192 1171 1234 locum.
1233 1193 1345 1234 Tota
1363 1193 1490 1249 igitur
1510 1192 1580 1233 illa
1607 1199 1648 1233 et
1667 1190 1799 1232 multo
1828 1190 2012 1232 maxima

287 1277 383 1318 pars
415 1262 596 1312 vorticis,
629 1277 723 1318 quae
749 1263 862 1318 jacet
896 1263 1014 1304 extra
1034 1264 1192 1305 telluris
1228 1265 1387 1315 orbem,
1419 1266 1666 1307 densitatem
1687 1265 1856 1306 habebit
1886 1272 2012 1320 atque

287 1332 393 1375 adeo
413 1333 498 1374 vim
518 1333 679 1374 inertiae
699 1348 777 1388 pro
798 1333 908 1374 mole
929 1334 1128 1384 materiae,
1153 1349 1249 1390 quae
1280 1349 1365 1375 non
1395 1335 1534 1376 minor
1562 1335 1642 1377 erit
1672 1334 1798 1391 quam
1827 1334 2011 1376 densitas

289 1413 331 1447 et
360 1405 421 1446 vis
443 1404 605 1446 inertiae
624 1403 807 1445 telluris:
840 1404 939 1445 inde
959 1404 1059 1446 vero
1081 1405 1253 1447 cometis
1273 1405 1454 1461 trajectis
1475 1405 1632 1447 orietur
1650 1406 1798 1463 ingens
1817 1405 2013 1447 resisten-

290 1476 359 1526 tia,
392 1483 433 1516 et
453 1475 573 1516 valde
603 1474 829 1516 admodum
859 1475 1090 1526 sensibilis;
1121 1491 1174 1518 ne
1194 1476 1345 1527 dicam,
1378 1492 1472 1533 quae
1501 1486 1663 1519 motum
1692 1477 1920 1519 eorundem
1939 1491 2014 1533 pc-

287 1547 400 1591 nitus
417 1549 561 1591 sistere
582 1556 705 1604 atque
735 1548 959 1591 absorbere
985 1563 1109 1604 posse
1139 1548 1288 1590 merito
1319 1549 1520 1591 videatur.
1585 1550 1761 1591 Constat
1790 1558 1929 1591 autem
1959 1564 2014 1592 ex

288 1629 406 1664 motu
427 1628 682 1662 cometarum
702 1618 873 1674 prorsus
894 1619 1088 1677 regulari,
1119 1620 1274 1662 nullam
1302 1621 1416 1675 ipsos
1437 1621 1709 1662 resistentiam
1726 1622 1813 1676 pati
1833 1636 1927 1678 quoe
1947 1621 2014 1664 vel

290 1689 510 1734 minimum
535 1690 677 1733 sentiri
697 1699 858 1745 potest3
890 1699 1012 1747 atque
1029 1691 1134 1733 adeo
1155 1692 1396 1748 neutiquam
1422 1693 1467 1733 in
1486 1693 1700 1734 materiam
1722 1693 1850 1734 ullam
1870 1693 2012 1735 incur-

292 1781 396 1817 sare,
429 1757 703 1823 cujus'aliqua
718 1767 771 1808 sit
790 1767 850 1807 vis
880 1767 1112 1817 resistendi,
1143 1766 1209 1808 vel
1240 1766 1417 1821 proinde
1452 1768 1567 1822 cujus
1595 1767 1734 1823 aliqua
1754 1767 1807 1808 sit
1830 1767 2014 1810 densitas

293 1855 366 1882 seu
385 1840 446 1881 vis
467 1840 639 1882 inertiae.
701 1841 812 1882 Nam
832 1840 1065 1882 resistentia
1093 1839 1327 1881 mediorum
1354 1839 1486 1881 oritur
1505 1839 1570 1881 vel
1591 1840 1643 1881 ab
1663 1839 1811 1882 inertia
1828 1840 2014 1883 materiae

292 1911 446 1963 fluidae,
479 1913 543 1954 vel
564 1928 588 1954 a
609 1911 773 1954 defectu
792 1911 1050 1953 lubricitatis.
1113 1910 1222 1960 Quae
1243 1911 1375 1971 oritur
1404 1926 1430 1952 a
1455 1910 1619 1952 defectu
1650 1911 1908 1961 lubricitatis,
1939 1911 2014 1954 ad·
2051 1926 2058 1933 “

293 1982 466 2024 modum
485 1982 638 2039 exigua
667 1990 750 2032 est3
782 1990 824 2024 et
853 1980 952 2023 sane
980 1982 1052 2023 vix
1081 1981 1292 2023 observari
1322 1989 1458 2035 potest
1486 1982 1530 2022 in
1559 1982 1701 2024 fluidis
1731 1981 1857 2040 vulgo
1888 1983 2012 2033 notis,

293 2056 374 2097 nisi
393 2055 513 2098 valde
541 2057 702 2098 tenacia
732 2056 885 2098 fuerint
912 2055 963 2096 ad
995 2055 1124 2097 instar
1147 2055 1228 2096 olei
1255 2062 1297 2096 et
1316 2055 1463 2096 mellis.
1526 2055 1778 2097 Resistentia
1806 2069 1901 2111 quoe
1921 2070 2016 2098 sen-

298 2129 400 2170 titur
409 2128 451 2169 in
464 2129 573 2180 ae‘re,
600 2145 720 2186 aqua,
751 2128 1026 2186 hydrargyro,
1059 2136 1101 2170 et
1128 2127 1368 2183 hujusmodi
1398 2127 1534 2169 fluidis
1566 2142 1652 2168 non
1682 2126 1896 2169 tenacibus
1930 2127 2017 2171 fer&

296 2210 382 2243 tota
407 2211 467 2244 est
488 2202 637 2257 prioris
653 2201 847 2259 generis3
882 2208 923 2241 et
942 2199 1073 2240 minui
1092 2214 1178 2240 non
1198 2207 1335 2255 potest
1353 2213 1428 2254 per
1457 2199 1697 2240 ulteriorem
1727 2213 2016 2255 quemcunque

295 2271 473 2330 gradum
505 2272 752 2322 subtilitatis,
784 2278 978 2312 manente
1004 2270 1122 2311 fluidi
1147 2270 1351 2311 densitate
1380 2269 1445 2311 vel
1477 2269 1518 2311 vi
1547 2269 1721 2319 inertiae,
1751 2269 1819 2310 cui
1848 2283 2015 2324 semper

295 2343 616 2398 proportionalis
647 2351 708 2386 est
726 2342 819 2384 haec
848 2342 1103 2392 resistentia3
1135 2342 1487 2398 quemadmodum
1507 2339 1731 2383 clarissime
1755 2340 2016 2384 demonstra-

297 2423 386 2455 tum
406 2422 468 2456 est
487 2414 540 2455 ab
560 2422 729 2456 auctore
748 2422 892 2456 nostro
911 2413 954 2454 in
970 2414 1216 2471 peregregia
1235 2414 1559 2456 resistentiarum
1579 2411 1754 2462 theoria,
1772 2427 1867 2469 quae
1886 2413 2016 2469 paulo

298 2501 410 2528 nunc
439 2486 669 2528 accuratius
691 2486 926 2542 exponitur,
947 2485 1027 2527 hac
1048 2485 1228 2527 secunda
1259 2485 1360 2535 vice,
1379 2492 1419 2526 et
1444 2498 1521 2539 per
1547 2484 1834 2539 experimenta
1866 2499 2015 2541 corpo-

300 2573 396 2599 rum
416 2558 653 2602 cadentium
672 2556 837 2613 plenius
868 2557 1151 2599 confirmatur.

360 2631 550 2686 Corpora
568 2629 876 2688 progrediendo
895 2637 1054 2671 motum
1075 2643 1195 2670 suum
1215 2627 1345 2669 fluido
1374 2627 1571 2670 ambienti
1600 2628 1800 2683 paulatim
1829 2643 2013 2671 commu-

301 2703 453 2753 nicant,
485 2713 526 2746 et
557 2701 905 2744 communicando
936 2700 1142 2750 amittunt,
1171 2699 1400 2741 amittendo
1435 2707 1574 2741 autem
1600 2699 1876 2742 retardantur.
1938 2699 2017 2742 Est

301 2773 438 2829 itaque
460 2774 682 2815 retardatio
701 2772 833 2814 motui
853 2772 1159 2813 communicato
1179 2770 1523 2826 proportionalis;
1553 2778 1690 2812 motus
1711 2785 1810 2812 vero
1830 2784 2016 2812 commu-

303 2844 474 2894 nicatus,
497 2844 569 2885 ubi
589 2844 712 2886 datur
742 2843 927 2899 corporis
956 2842 1260 2900 progredientis
1280 2841 1488 2892 velocitas,
1512 2850 1574 2883 est
1594 2849 1640 2883 ut
1664 2842 1781 2884 fluidi
1808 2841 1990 2886 densitas
2002 2859 2015 2894 ;

303 2930 404 2973 ergo
430 2914 654 2956 retardatio
675 2931 748 2957 seu
768 2914 999 2957 resistentia
1028 2914 1106 2956 erit
1134 2921 1181 2955 ut
1210 2913 1355 2955 eadem
1383 2913 1502 2955 fluidi
1528 2913 1734 2964 densitas3
1763 2928 1899 2972 neque
1929 2914 2018 2957 ullo

305 2993 429 3041 pacto
449 2984 538 3027 tolli
557 2992 708 3040 potest,
730 2986 810 3028 nisi
829 3002 856 3028 a
872 2985 1004 3028 fluido
1023 2984 1077 3027 ad
1106 2992 1245 3041 partes
1266 2984 1451 3044 corporis
1470 2984 1649 3040 posticas
1682 2993 1920 3028 recurrente
1950 3000 2016 3029 re-
