2086 3542
299 244 380 280 416
695 232 1140 277 PHILOSOPHIAE
1172 232 1530 276 NATURALIS
1626 233 1769 285 [Mor.
1791 233 1993 278 Commu.

295 366 394 409 gere
413 352 457 391 in
487 349 596 391 linea
623 349 886 405 emergentiae
919 349 959 390 R
980 348 1021 398 d,
1057 355 1276 403 propterea
1305 348 1417 403 quod
1448 347 1648 402 perpetuo
1679 347 1898 390 attrahitur
1925 347 1994 391 vel

296 421 519 478 impellitur
541 423 588 477 (Γ)
609 436 750 463 versus
770 420 952 462 medium
970 419 1220 461 incidentiae.
1282 419 1530 461 Revertetur
1559 419 1696 475 itaque
1729 419 1837 461 inter
1866 418 1993 474 plana

299 495 392 544 c.c,
414 494 459 537 D
480 494 521 544 d,
543 493 811 535 describendo
831 507 971 535 arcum
990 491 1199 547 parabolae
1220 492 1263 543 Q
1286 492 1327 534 R
1346 507 1387 548 q,
1419 493 1466 547 (⁸)
1488 493 1603 548 cujus
1623 499 1766 534 vertex
1784 491 1992 548 principa-

294 565 346 607 lis
367 565 503 621 (juxta
517 564 776 606 demonstra-

295 644 338 677 ta
359 636 540 689 Galilaei)
568 644 630 689 est
648 637 692 677 in
713 637 754 678 R
764 652 777 686 3

295 705 450 747 secabit
477 704 648 760 planum
683 704 720 746 C
754 718 778 745 c

293 777 338 817 in
351 776 497 818 eodem
512 776 664 833 angulo
679 776 722 816 in
735 790 775 831 q,
816 752 863 832 ἢ

295 862 344 889 ac
371 849 486 903 prius
513 850 557 890 in
582 849 650 898 Q3
681 848 779 889 dein
832 841 864 877 C

293 919 508 975 pergendo
534 919 582 958 in
601 918 778 959 arcubus
837 884 1926 973 Ιέῄ--ὴ--ᾐ-μ--ᾕ

292 989 538 1044 parabolicis
565 1004 592 1044 q
610 1003 652 1043 p,
682 1002 712 1043 p
731 988 775 1039 h,

293 1061 368 1102 διο.
390 1061 566 1118 arcubus
585 1060 793 1115 prioribus
816 1060 858 1110 Q
881 1061 929 1112 P,
954 1063 990 1104 P
1012 1061 1061 1102 H
1082 1060 1281 1102 similibus
1311 1068 1353 1102 et
1382 1060 1621 1120 aequalibus,
1655 1060 1808 1102 secabit
1838 1060 1995 1117 reliqua

292 1130 418 1185 plana
450 1131 494 1171 in
527 1130 671 1172 iisdem
703 1130 865 1188 angulis
900 1131 944 1172 in
974 1145 1016 1186 p,
1038 1118 1081 1181 h,
1104 1132 1179 1173 &c.
1211 1145 1260 1172 ac
1278 1131 1392 1186 prius
1412 1131 1456 1171 in
1477 1118 1711 1182 P,'H‘·‚'8c'c.
1733 1139 1995 1187 emergetque

293 1200 463 1242 tandem
483 1200 629 1242 eadem
649 1201 889 1256 obliquitate
908 1201 952 1242 in
971 1201 1015 1251 h,
1037 1200 1117 1256 qua
1137 1201 1282 1242 incidit
1300 1201 1343 1241 in
1361 1201 1422 1242 H.
1474 1200 1657 1256 Concipe
1671 1202 1759 1257 jam
1777 1201 1996 1256 planorum

295 1272 337 1314 A
356 1288 393 1323 a,
417 1274 455 1315 B
475 1273 516 1324 b,
541 1274 577 1315 O
598 1288 634 1324 e,
656 1274 701 1316 D
721 1273 763 1324 d,
787 1273 825 1315 E
845 1289 881 1324 e,
904 1274 979 1315 &c.
1011 1272 1225 1314 intervalla
1254 1273 1298 1314 in
1326 1272 1532 1313 infinitum
1560 1273 1691 1314 minui
1718 1281 1759 1314 et
1770 1280 1996 1314 *numerum

293 1344 448 1400 augeri,
472 1358 522 1385 eo
542 1351 588 1384 ut
607 1343 714 1385 actio
734 1344 987 1385 attractionis
1007 1344 1072 1385 vel
1091 1342 1291 1398 impulsus
1313 1342 1538 1385 secundum
1556 1343 1690 1400 legem
1711 1357 1998 1399 quamcunque

1936 781 1971 964 οβ’-ὀῖον

295 1414 543 1471 assignatam
565 1416 760 1456 continua
778 1415 1001 1464 reddatur3
1033 1422 1074 1456 et
1093 1414 1268 1471 angulus
1288 1414 1552 1471 emergentiae
1573 1428 1734 1468 semper
1753 1413 1907 1471 angulo
1933 1415 1998 1456 in-
2057 1412 2059 1414 ’

292 1484 484 1526 cidentiae
504 1484 674 1540 aequalis
695 1485 887 1535 existens,
909 1484 1045 1526 eidem
1064 1484 1289 1526 etiamnum
1307 1484 1491 1526 manebit
1509 1483 1691 1541 aequalis.
1753 1484 1809 1534 Q.
1830 1500 1866 1526 e.
1887 1484 1942 1537 d„

1040 1662 1253 1716 scholium(

353 1780 521 1822 Harum
543 1777 832 1819 attractionum
851 1775 965 1817 haud
984 1774 1160 1815 multum
1184 1771 1400 1814 dissimiles
1429 1778 1526 1811 sunt
1552 1770 1655 1811 lucis
1685 1769 1928 1811 reflexiones
1957 1774 2002 1812 et

290 1851 572 1901 refractioneS,
593 1847 714 1889 factae
736 1846 963 1888 secundum
984 1844 1123 1885 datam
1145 1843 1370 1883 secantium
1390 1841 1606 1891 rationem,
1636 1847 1684 1882 ut
1703 1839 1859 1881 invenit
1878 1839 1999 1882 Snel-

291 1922 386 1972 lius,
419 1920 465 1975 (⁶)
488 1926 529 1960 et
546 1932 622 1973 per
642 1930 896 1971 consequens
918 1914 1143 1955 secundum
1165 1912 1305 1953 datam
1325 1911 1487 1953 sinuum
1506 1918 1721 1961 rationem,
1742 1917 1790 1951 ut
1808 1903 2008 1966 exposuit'

335 2045 379 2086 (¹)
403 2046 422 2065 ⁴*
452 2046 560 2075 Versus
575 2043 709 2073 medium
723 2040 901 2074 incidentiae,
917 2049 946 2068 v-
965 2048 1011 2078 gr.
1034 2038 1060 2068 C
1074 2046 1101 2068 c.

333 2087 376 2129 (³)
411 2088 428 2106 ⁸
466 2086 563 2126 Cujus
590 2090 687 2115 vertent
709 2083 898 2122 principalis.
963 2079 1121 2116 Quoniam

289 2129 374 2160 enim
398 2131 448 2171 (ut
460 2134 545 2168 patet
559 2137 596 2157 ex
611 2131 673 2156 not.
692 2124 762 2163 40.)
785 2133 892 2154 omnes
911 2122 1051 2153 diametri
1065 2132 1120 2161 pa·

289 2171 402 2205 rabolae
420 2171 453 2206 Q
471 2171 500 2201 R.
513 2179 534 2210 q
547 2175 620 2199 sunt
634 2168 674 2198 ad
687 2167 785 2198 basim
802 2167 836 2202 Q
847 2176 868 2206 q
888 2164 1120 2204 perpendicula.-

289 2224 347 2251 res,
363 2213 421 2244 erit
438 2213 471 2249 Q
483 2223 503 2252 q
517 2211 558 2242 ad
571 2220 660 2241 axem
675 2208 838 2240 ordinatim
853 2207 1011 2246 applicata,
1033 2216 1120 2237 cum-

289 2266 351 2297 que
365 2261 448 2286 recta
464 2255 497 2285 D
515 2254 546 2284 R
561 2253 582 2283 d
606 2252 665 2292 ipsi
689 2252 720 2287 Q
733 2261 753 2291 q
777 2250 923 2290 parallela
946 2249 1122 2289 parabolam

289 2303 397 2339 tangat
409 2298 443 2328 in
460 2298 500 2334 R,
518 2295 589 2337 (40)
612 2294 669 2326 erit
686 2295 718 2325 R
732 2299 833 2324 vertex
850 2291 1023 2332 principalis
1039 2293 1117 2334 (per.

291 2340 381 2371 Lem.
401 2343 430 2369 4.
449 2339 488 2370 de
507 2337 631 2378 Conic.)
647 2343 678 2368 et
688 2334 847 2376 propterea
860 2334 1034 2365 velocitates
1054 2344 1122 2365 cor-

288 2382 371 2422 poris
384 2381 419 2412 in
431 2381 507 2412 locis
524 2381 558 2417 Q
576 2385 607 2412 et
627 2390 647 2420 q
670 2390 690 2410 a
713 2378 823 2409 vertice
840 2378 872 2408 R
887 2375 974 2418 aeque
998 2377 1122 2407 remotis

290 2424 422 2466 aequales
443 2429 543 2460 erunt,
570 2428 602 2453 et
625 2421 807 2452 directiones
831 2419 916 2450 illius
942 2418 981 2450 ad
1005 2419 1121 2450 lineam

293 2467 327 2503 Q
339 2477 358 2507 q
373 2477 461 2506 aeque
474 2465 631 2496 inclinatae
643 2476 651 2495 ε
679 2464 813 2502 Insuper
826 2462 970 2493 velocitas
989 2471 1120 2501 perpen-

290 2509 436 2540 dicularis
463 2507 525 2549 quii
549 2517 660 2547 corpus
686 2516 723 2537 ex
749 2504 814 2536 sola
835 2504 867 2535 vi
891 2504 1061 2535 attractrice
1081 2503 1122 2535 ad

289 2551 419 2590 planum
436 2551 465 2581 P
478 2561 499 2589 p
512 2555 651 2591 urgetur,
667 2548 776 2579 iisdem
791 2547 937 2588 gradibus
951 2546 1058 2577 crescit
1067 2556 1122 2586 per

289 2599 391 2624 totum
406 2592 540 2632 spatium
554 2602 574 2632 q
588 2602 619 2631 p,
643 2591 755 2632 quibus
777 2589 849 2620 ante
873 2589 1047 2619 decreverat
1066 2599 1122 2627 per

289 2635 422 2675 spatium
437 2634 555 2676 aequale
579 2634 607 2664 P
624 2634 666 2669 Q.
714 2630 820 2668 Quare
840 2641 952 2671 corpus
966 2633 1119 2672 pergendo

289 2680 323 2710 in
337 2679 467 2738 atr-cubus
476 2678 665 2717 parabolicis,
681 2675 738 2706 &c-
876 2716 884 2724 .
971 2716 980 2723 ·

289 2719 781 2801 ἱηέίἐαῖἰηΕὲΙζιῖνυὲἰξδεῖιξιεέζὶιε
798 2717 834 2790 111⁴
835 2727 901 2808 ug?
908 2715 1121 2808 εέῗὲιιιῗεεηεέιξ

290 2801 1121 2884 15⁸3?affiatfissflssznffffxsssssvffis

291 2888 453 2930 radiosque
473 2888 551 2919 lucis
572 2888 605 2918 in
624 2887 653 2919 B
669 2893 701 2918 et
718 2887 754 2918 F.
802 2886 973 2928 Erigantur
993 2885 1033 2916 ad
1054 2885 1123 2925 plan
1996 2890 1998 2895 ·

291 2939 370 2959 num
397 2930 615 2970 perpendicula
646 2930 677 2961 A
707 2929 747 2966 G,
776 2930 802 2960 C
832 2929 870 2966 B,
897 2929 928 2959 E
953 2928 989 2965 F,
1018 2928 1051 2959 D
1076 2927 1120 2958 K.
1165 2927 1322 2959 invenerat
1357 2933 1492 2958 secantes
1523 2927 1552 2957 G
1586 2926 1632 2964 Η,
1673 2925 1708 2957 Η
1737 2926 1770 2957 Κ
1805 2927 1994 2969 angulorum

295 2969 509 3002 Villebrordus
526 2972 670 3009 Snellius,
686 2971 836 3002 referente
852 2971 958 3001 Isaaco
971 2970 1081 3000 vossio
1091 2970 1125 3000 in
1170 2970 1200 3000 G
1218 2970 1253 3000 H
1272 2970 1313 3007 A,
1333 2970 1365 3000 K
1383 2970 1417 3000 H
1433 2969 1476 3005 D,
1492 2979 1556 2999 esse
1571 2969 1603 2998 in
1618 2968 1689 3000 data
1701 2969 1826 3000 ratione.
1875 2969 1995 3008 Verum

293 3012 351 3044 su&
364 3013 573 3045 dissertatione
593 3014 632 3045 de
653 3013 730 3044 lucis
751 3013 861 3044 natura
883 3019 913 3044 et
932 3012 1123 3052 proprietate,
1167 3011 1240 3044 inde
1268 3012 1404 3055 sequitur
1431 3011 1515 3052 quod
1542 3011 1696 3043 Cartcsius
1718 3010 1822 3052 postea
1845 3011 1995 3054 vulg-viu·

2074 1513 2086 1749 4
