2086 3542
201 229 284 267 228
513 206 515 208 ’
598 222 1046 268 PHILOSOPHIAE
1079 223 1440 269 NATURAms
1538 227 1685 280 [Mow.
1707 229 1911 285 Coma.

450 391 826 436 PROPOSITIO
857 392 1086 436 XXXIII.
1145 370 1505 439 THEOREMA
1535 397 1620 441 IX.

194 510 344 552 Positis
349 510 441 564 jam
470 511 650 562 inventis,
666 511 769 556 ¹dico
797 511 899 565 quod
923 511 1097 565 emporis
1124 513 1299 554 cadentis
1326 514 1508 560 velocitas
1541 515 1584 555 in
1611 516 1695 557 loco
1713 518 1846 571 quovis
1866 519 1905 566 C

249 587 306 624 est
323 583 381 623 ad
397 583 631 624 velocitatem
650 583 823 637 corporis
855 589 986 624 centro
1004 583 1044 631 B
1065 584 1273 625 intervallo
1294 584 1332 626 B
1355 585 1392 627 C
1425 586 1609 628 circulum
1641 588 1902 643 describentis,

245 653 290 694 in
306 652 577 707 subduplicatd
596 654 751 694 ratione
765 667 880 707 quam
893 653 935 695 A
950 653 987 696 C
1002 654 1195 695 distantia
1214 655 1387 708 corporis
1405 669 1432 696 a
1451 656 1590 697 circuli
1603 658 1664 698 vel
1683 659 1903 714 hyperbolen

244 723 481 777 rectangulae
508 724 648 765 vertice
666 723 850 765 ulteriore
878 722 933 775 A,
962 723 1079 765 habet
1097 724 1154 765 ad
1164 724 1319 779 figurae
1345 725 1668 769 semidiametrum
1689 730 1901 784 principa-

243 794 316 835 lem
334 794 361 846 }
383 793 425 835 A
457 793 507 836 Β.

245 895 459 964 Βίεθοβῐιιι·
479 896 521 938 Α
542 895 594 948 Β,
626 897 855 940 communis
875 897 1088 955 utriusque
1107 898 1254 955 figurae
1290 899 1331 942 R
1353 901 1391 943 P
1412 900 1463 952 B,
1494 902 1539 945 D
1567 900 1607 943 E
1627 901 1667 944 B
1685 901 1896 958 diameter,

186 967 231 1009 in
252 966 294 1010 O
311 982 323 1019 3
353 974 394 1008 et
414 973 560 1023 agatur
579 977 690 1010 recta
706 968 742 1010 P
763 968 817 1021 T,
848 984 943 1027 quae
961 977 1106 1029 tangat
1118 970 1296 1028 figuram
1319 973 1360 1015 R
1377 973 1414 1016 P
1436 973 1474 1016 B
1493 973 1537 1015 in
1552 973 1604 1025 P,
1635 980 1757 1030 atque
1772 974 1896 1017 etiam

326 1050 369 1093 Τ

177 2643 283 2678 secet
303 2637 563 2680 commundm
597 2636 709 2678 illam
742 2635 990 2678 diametrum
1010 2634 1051 2676 A
1082 2633 1121 2676 Β
1142 2632 1194 2690 (si
1213 2646 1318 2688 opus
1350 2640 1414 2676 est
1449 2631 1710 2688 productam)
1749 2634 1794 2675 in
1814 2633 1856 2677 T
1868 2651 1882 2686 ς

179 2706 308 2763 sitque
329 2708 358 2749 S
380 2709 420 2750 Y
438 2709 493 2750 ad
512 2708 620 2750 hanc
640 2715 807 2760 rectam,
839 2713 881 2749 et
909 2706 947 2748 B
968 2705 1012 2756 Q
1031 2705 1085 2747 ad
1113 2704 1221 2747 hanc
1241 2705 1488 2746 diametrum
1515 2703 1880 2759 perpendicularis

184 2832 211 2863 C
228 2832 283 2870 D;
309 2834 414 2870 Quare
427 2835 476 2866 30.
495 2835 619 2867 divisim
643 2836 666 2867 S
682 2835 739 2866 Pr
760 2835 811 2867 B:
832 2834 855 2865 S
870 2834 903 2865 D
921 2833 950 2864 Ε
977 2833 1006 2864 Β
1048 2837 1153 2863 centro
1174 2831 1350 2862 distantiam
1374 2830 1525 2862 circulum
1549 2830 1755 2869 describentis,
1777 2830 1828 2862 vel
1846 2829 1881 2862 in

183 2886 229 2904 =
248 2875 274 2905 C
292 2876 320 2905 P
334 2889 342 2907 ι
364 2878 391 2907 C
408 2878 451 2908 D.
475 2879 595 2910 Caetera
607 2888 640 2909 se
654 2878 769 2909 habent
782 2882 819 2908 ut
830 2877 865 2907 in
879 2875 1007 2907 demon-
1048 2874 1166 2906 ratione
1179 2874 1298 2904 minore
1332 2883 1406 2904 uam
1418 2875 1460 2914 4!
1475 2877 1504 2910 2,
1528 2873 1569 2903 ad
1586 2877 1613 2911 l,
1635 2874 1684 2904 vel
1705 2873 1739 2904 iu
1762 2873 1883 2916 ratique

183 2916 328 2948 :tratione
341 2918 427 2949 casas
441 2920 578 2951 secundi,
1051 2917 1167 2957 majore
1180 2921 1235 2946 aut
1248 2916 1282 2946 in
1301 2926 1318 2946 e
1350 2915 1416 2955 ips&
1429 2915 1555 2946 ratione.
1583 2915 1623 2946 In
1640 2915 1686 2946 10.
1712 2926 1785 2947 casu
1798 2920 1882 2948 rectu

227 2961 299 2990 895.
326 2962 483 2992 Scholium.
513 2962 656 3002 Corporis
670 2973 726 3002 per
746 2967 862 2993 rectam
879 2961 905 2992 C
923 2960 954 2996 S,
970 2958 1011 2990 ad
1055 2959 1077 2990 S
1095 2959 1131 2995 C,
1157 2957 1333 2998 usurpanda
1347 2963 1393 2989 est
1407 2968 1463 2998 pro
1477 2958 1576 2997 ellipsi
1586 2957 1756 2990 latitudinis
1769 2967 1880 2989 avane·

184 3005 325 3032 centrum
349 3001 379 3038 S,
403 3002 537 3034 cadentis
547 3005 691 3036 velocitas
704 3005 738 3035 in
751 3004 821 3035 loco
840 3002 949 3044 quovis
975 3002 1010 3038 C,
1053 3000 1186 3038 scentis;
1209 3000 1244 3030 in
1258 2999 1306 3031 20.
1325 3010 1408 3038 casu,
1430 3006 1513 3031 recta
1540 3001 1561 3031 S
1589 3000 1626 3038 C,
1649 3006 1696 3031 est
1714 2998 1882 3041 hyperbol-

186 3048 232 3074 est
246 3042 286 3074 ad
300 3043 491 3075 velocitatem
505 3047 637 3085 corporis
652 3047 777 3078 alterius
791 3046 831 3077 ad
845 3044 978 3077 eandem
993 3054 1012 3076 a
1053 3043 1143 3086 cujus
1156 3042 1239 3075 latus
1252 3048 1372 3075 rectum
1385 3042 1556 3081 evanescit;
1578 3042 1612 3073 in
1627 3042 1677 3075 50.
1693 3051 1776 3080 casu,
1797 3047 1881 3074 roet-
