<?xml version="1.0" encoding="UTF-8"?>
<!DOCTYPE html PUBLIC "-//W3C//DTD XHTML 1.0 Transitional//EN"
    "http://www.w3.org/TR/xhtml1/DTD/xhtml1-transitional.dtd">
<html xmlns="http://www.w3.org/1999/xhtml" xml:lang="en" lang="en">
 <head>
  <title>
</title>
<meta http-equiv="Content-Type" content="text/html;charset=utf-8" />
  <meta name='ocr-system' content='tesseract 3.04.00' />
  <meta name='ocr-capabilities' content='ocr_page ocr_carea ocr_par ocr_line ocrx_word'/>
</head>
<body>
  <div class='ocr_page' id='page_1' title='image "./philosophiaenatu01newtuoft_0186.png"; bbox 0 0 2086 3542; ppageno 0'>
   <div class='ocr_carea' id='block_1_1' title="bbox 254 257 1952 310">
    <p class='ocr_par' dir='ltr' id='par_1_1' title="bbox 254 257 1952 310">
     <span class='ocr_line' id='line_1_1' title="bbox 254 257 1952 310; baseline 0.002 -13"><span class='ocrx_word' id='word_1_1' title='bbox 254 261 333 298; x_wconf 85' lang='lat'>150</span> <span class='ocrx_word' id='word_1_2' title='bbox 672 257 1126 300; x_wconf 88' lang='lat' dir='ltr'><strong>PHILOSOPHIAE</strong></span> <span class='ocrx_word' id='word_1_3' title='bbox 1158 257 1520 300; x_wconf 88' lang='lat' dir='ltr'>NATURALIS</span> <span class='ocrx_word' id='word_1_4' title='bbox 1580 258 1728 310; x_wconf 83' lang='lat' dir='ltr'>[Mo‘r.</span> <span class='ocrx_word' id='word_1_5' title='bbox 1752 258 1952 302; x_wconf 64' lang='lat' dir='ltr'>conon.</span> 
     </span>
    </p>
   </div>
   <div class='ocr_carea' id='block_1_2' title="bbox 249 365 1952 502">
    <p class='ocr_par' dir='ltr' id='par_1_2' title="bbox 249 365 1952 502">
     <span class='ocr_line' id='line_1_2' title="bbox 249 365 1952 425; baseline 0.001 -18"><span class='ocrx_word' id='word_1_6' title='bbox 249 379 414 407; x_wconf 77' lang='lat' dir='ltr'>curvam</span> <span class='ocrx_word' id='word_1_7' title='bbox 450 365 492 406; x_wconf 92' lang='lat' dir='ltr'>in</span> <span class='ocrx_word' id='word_1_8' title='bbox 526 367 691 420; x_wconf 91' lang='lat' dir='ltr'>punctis</span> <span class='ocrx_word' id='word_1_9' title='bbox 714 368 754 408; x_wconf 94' lang='lat' dir='ltr'>A</span> <span class='ocrx_word' id='word_1_10' title='bbox 775 375 816 409; x_wconf 86' lang='lat' dir='ltr'>et</span> <span class='ocrx_word' id='word_1_11' title='bbox 838 368 889 417; x_wconf 89' lang='lat' dir='ltr'><strong>B,</strong></span> <span class='ocrx_word' id='word_1_12' title='bbox 915 368 950 409; x_wconf 93' lang='lat' dir='ltr'>C</span> <span class='ocrx_word' id='word_1_13' title='bbox 971 377 1012 409; x_wconf 87' lang='lat' dir='ltr'>et</span> <span class='ocrx_word' id='word_1_14' title='bbox 1033 368 1077 410; x_wconf 93' lang='lat' dir='ltr'>D</span> <span class='ocrx_word' id='word_1_15' title='bbox 1100 369 1306 419; x_wconf 84' lang='lat' dir='ltr'><strong>secabant,</strong></span> <span class='ocrx_word' id='word_1_16' title='bbox 1332 370 1421 424; x_wconf 79' lang='lat' dir='ltr'>jam</span> <span class='ocrx_word' id='word_1_17' title='bbox 1443 370 1501 424; x_wconf 92' lang='lat'>(†)</span> <span class='ocrx_word' id='word_1_18' title='bbox 1523 384 1691 411; x_wconf 89' lang='lat' dir='ltr'>curvam</span> <span class='ocrx_word' id='word_1_19' title='bbox 1725 370 1768 410; x_wconf 90' lang='lat' dir='ltr'>in</span> <span class='ocrx_word' id='word_1_20' title='bbox 1788 368 1952 425; x_wconf 83' lang='lat' dir='ltr'>punctis</span> 
     </span>
     <span class='ocr_line' id='line_1_3' title="bbox 251 437 1739 502; baseline 0.002 -24"><span class='ocrx_word' id='word_1_21' title='bbox 251 438 329 479; x_wconf 80' lang='lat' dir='ltr'>illis</span> <span class='ocrx_word' id='word_1_22' title='bbox 346 437 593 480; x_wconf 61' lang='lat' dir='ltr'>‘coeuntibus</span> <span class='ocrx_word' id='word_1_23' title='bbox 609 453 694 479; x_wconf 90' lang='lat' dir='ltr'>non</span> <span class='ocrx_word' id='word_1_24' title='bbox 714 439 891 502; x_wconf 75' lang='lat' dir='ltr'>&#39;amplius</span> <span class='ocrx_word' id='word_1_25' title='bbox 912 454 1052 480; x_wconf 88' lang='lat' dir='ltr'>secare</span> <span class='ocrx_word' id='word_1_26' title='bbox 1071 447 1258 494; x_wconf 83' lang='lat' dir='ltr'>possunt,</span> <span class='ocrx_word' id='word_1_27' title='bbox 1282 440 1355 481; x_wconf 88' lang='lat' dir='ltr'>sed</span> <span class='ocrx_word' id='word_1_28' title='bbox 1375 439 1537 482; x_wconf 70' lang='lat' dir='ltr'>tantum</span> <span class='ocrx_word' id='word_1_29' title='bbox 1557 438 1739 496; x_wconf 65' lang='lat' dir='ltr'>tangentss</span> 
     </span>
    </p>
   </div>
   <div class='ocr_carea' id='block_1_3' title="bbox 995 555 1202 597">
    <p class='ocr_par' dir='ltr' id='par_1_3' title="bbox 995 555 1202 597">
     <span class='ocr_line' id='line_1_4' title="bbox 995 555 1202 597; baseline 0 -1"><span class='ocrx_word' id='word_1_30' title='bbox 995 555 1202 597; x_wconf 78' lang='lat' dir='ltr'>Scholizcm.</span> 
     </span>
    </p>
   </div>
   <div class='ocr_carea' id='block_1_4' title="bbox 207 639 1983 1340">
    <p class='ocr_par' dir='ltr' id='par_1_4' title="bbox 207 639 1983 1340">
     <span class='ocr_line' id='line_1_5' title="bbox 306 639 1950 690; baseline 0 -9"><span class='ocrx_word' id='word_1_31' title='bbox 306 639 472 681; x_wconf 85' lang='lat' dir='ltr'>Nomen</span> <span class='ocrx_word' id='word_1_32' title='bbox 493 639 647 681; x_wconf 88' lang='lat' dir='ltr'>conicae</span> <span class='ocrx_word' id='word_1_33' title='bbox 668 639 858 680; x_wconf 83' lang='lat' dir='ltr'>sectionis</span> <span class='ocrx_word' id='word_1_34' title='bbox 879 640 922 679; x_wconf 91' lang='lat' dir='ltr'>in</span> <span class='ocrx_word' id='word_1_35' title='bbox 942 639 1023 680; x_wconf 89' lang='lat' dir='ltr'>hoc</span> <span class='ocrx_word' id='word_1_36' title='bbox 1043 640 1235 682; x_wconf 86' lang='lat' dir='ltr'>lemmate</span> <span class='ocrx_word' id='word_1_37' title='bbox 1256 639 1338 682; x_wconf 68' lang='lat' dir='ltr'>late</span> <span class='ocrx_word' id='word_1_38' title='bbox 1359 640 1546 690; x_wconf 85' lang='lat' dir='ltr'><strong>sumitur,</strong></span> <span class='ocrx_word' id='word_1_39' title='bbox 1578 640 1635 682; x_wconf 84' lang='lat' dir='ltr'>ita</span> <span class='ocrx_word' id='word_1_40' title='bbox 1654 647 1701 682; x_wconf 91' lang='lat' dir='ltr'>ut</span> <span class='ocrx_word' id='word_1_41' title='bbox 1721 641 1848 682; x_wconf 85' lang='lat' dir='ltr'>sectio</span> <span class='ocrx_word' id='word_1_42' title='bbox 1867 647 1950 682; x_wconf 84' lang='lat' dir='ltr'>tam</span> 
     </span>
     <span class='ocr_line' id='line_1_6' title="bbox 248 711 1961 781; baseline 0.001 -29"><span class='ocrx_word' id='word_1_43' title='bbox 248 712 456 753; x_wconf 84' lang='lat' dir='ltr'>rectilinea</span> <span class='ocrx_word' id='word_1_44' title='bbox 476 726 551 766; x_wconf 85' lang='lat' dir='ltr'>per</span> <span class='ocrx_word' id='word_1_45' title='bbox 571 711 766 781; x_wconf 50' lang='lat' dir='ltr'>verticem</span> <span class='ocrx_word' id='word_1_46' title='bbox 787 711 880 751; x_wconf 88' lang='lat' dir='ltr'>coni</span> <span class='ocrx_word' id='word_1_47' title='bbox 902 711 1117 761; x_wconf 85' lang='lat' dir='ltr'>transiens,</span> <span class='ocrx_word' id='word_1_48' title='bbox 1141 726 1264 767; x_wconf 87' lang='lat' dir='ltr'>quam</span> <span class='ocrx_word' id='word_1_49' title='bbox 1285 712 1493 753; x_wconf 84' lang='lat' dir='ltr'>circularis</span> <span class='ocrx_word' id='word_1_50' title='bbox 1507 713 1595 754; x_wconf 83' lang='lat' dir='ltr'>basi</span> <span class='ocrx_word' id='word_1_51' title='bbox 1609 713 1804 768; x_wconf 84' lang='lat' dir='ltr'>parallela</span> <span class='ocrx_word' id='word_1_52' title='bbox 1823 712 1961 771; x_wconf 54' lang='lat' dir='ltr'>inclu7</span> 
     </span>
     <span class='ocr_line' id='line_1_7' title="bbox 207 781 1983 837; baseline 0.001 -14"><span class='ocrx_word' id='word_1_53' title='bbox 207 810 209 812; x_wconf 82' lang='grc'><strong>-</strong></span> <span class='ocrx_word' id='word_1_54' title='bbox 249 782 382 824; x_wconf 86' lang='lat' dir='ltr'>datur.</span> <span class='ocrx_word' id='word_1_55' title='bbox 445 782 496 837; x_wconf 73' lang='lat' dir='ltr'>(d)</span> <span class='ocrx_word' id='word_1_56' title='bbox 529 782 639 823; x_wconf 81' lang='lat' dir='ltr'>Nam</span> <span class='ocrx_word' id='word_1_57' title='bbox 660 782 693 822; x_wconf 92' lang='lat' dir='ltr'>si</span> <span class='ocrx_word' id='word_1_58' title='bbox 722 789 921 835; x_wconf 89' lang='lat' dir='ltr'>punctum</span> <span class='ocrx_word' id='word_1_59' title='bbox 942 796 969 835; x_wconf 94' lang='lat' dir='ltr'>p</span> <span class='ocrx_word' id='word_1_60' title='bbox 990 781 1134 822; x_wconf 88' lang='lat' dir='ltr'>incidit</span> <span class='ocrx_word' id='word_1_61' title='bbox 1153 781 1196 822; x_wconf 92' lang='lat' dir='ltr'>in</span> <span class='ocrx_word' id='word_1_62' title='bbox 1218 789 1385 831; x_wconf 85' lang='lat' dir='ltr'>rectam,</span> <span class='ocrx_word' id='word_1_63' title='bbox 1418 781 1498 837; x_wconf 56' lang='lat' dir='ltr'>qu&amp;</span> <span class='ocrx_word' id='word_1_64' title='bbox 1518 791 1673 837; x_wconf 85' lang='lat' dir='ltr'>puncta</span> <span class='ocrx_word' id='word_1_65' title='bbox 1692 783 1734 824; x_wconf 93' lang='lat' dir='ltr'>A</span> <span class='ocrx_word' id='word_1_66' title='bbox 1754 792 1795 824; x_wconf 89' lang='lat' dir='ltr'>et</span> <span class='ocrx_word' id='word_1_67' title='bbox 1815 781 1860 824; x_wconf 93' lang='lat' dir='ltr'>D</span> <span class='ocrx_word' id='word_1_68' title='bbox 1889 782 1957 824; x_wconf 89' lang='lat' dir='ltr'>vel</span> <span class='ocrx_word' id='word_1_69' title='bbox 1979 826 1983 829; x_wconf 67' lang='grc'>,</span> 
     </span>
     <span class='ocr_line' id='line_1_8' title="bbox 251 851 1960 910; baseline 0.001 -17"><span class='ocrx_word' id='word_1_70' title='bbox 251 851 287 894; x_wconf 91' lang='lat' dir='ltr'>C</span> <span class='ocrx_word' id='word_1_71' title='bbox 303 860 344 893; x_wconf 90' lang='lat' dir='ltr'>et</span> <span class='ocrx_word' id='word_1_72' title='bbox 361 852 398 893; x_wconf 87' lang='lat' dir='ltr'>B</span> <span class='ocrx_word' id='word_1_73' title='bbox 413 853 659 909; x_wconf 87' lang='lat' dir='ltr'>junguntur,</span> <span class='ocrx_word' id='word_1_74' title='bbox 683 851 826 892; x_wconf 85' lang='lat' dir='ltr'>conica</span> <span class='ocrx_word' id='word_1_75' title='bbox 847 851 973 893; x_wconf 88' lang='lat' dir='ltr'>sectio</span> <span class='ocrx_word' id='word_1_76' title='bbox 994 861 1178 893; x_wconf 86' lang='lat' dir='ltr'>vertetur</span> <span class='ocrx_word' id='word_1_77' title='bbox 1196 852 1238 892; x_wconf 91' lang='lat' dir='ltr'>in</span> <span class='ocrx_word' id='word_1_78' title='bbox 1252 853 1437 908; x_wconf 82' lang='lat' dir='ltr'>geminas</span> <span class='ocrx_word' id='word_1_79' title='bbox 1449 860 1595 903; x_wconf 82' lang='lat' dir='ltr'>rectas,</span> <span class='ocrx_word' id='word_1_80' title='bbox 1610 867 1784 910; x_wconf 86' lang='lat' dir='ltr'>quarum</span> <span class='ocrx_word' id='word_1_81' title='bbox 1799 868 1882 894; x_wconf 89' lang='lat' dir='ltr'>una</span> <span class='ocrx_word' id='word_1_82' title='bbox 1894 861 1960 894; x_wconf 80' lang='lat' dir='ltr'>est</span> 
     </span>
     <span class='ocr_line' id='line_1_9' title="bbox 248 922 1958 980; baseline 0.001 -16"><span class='ocrx_word' id='word_1_83' title='bbox 248 932 360 964; x_wconf 83' lang='lat' dir='ltr'>recta</span> <span class='ocrx_word' id='word_1_84' title='bbox 380 923 450 964; x_wconf 86' lang='lat' dir='ltr'>illa</span> <span class='ocrx_word' id='word_1_85' title='bbox 470 923 512 963; x_wconf 88' lang='lat' dir='ltr'>in</span> <span class='ocrx_word' id='word_1_86' title='bbox 534 938 658 978; x_wconf 86' lang='lat' dir='ltr'>quam</span> <span class='ocrx_word' id='word_1_87' title='bbox 678 930 880 977; x_wconf 89' lang='lat' dir='ltr'>punctum</span> <span class='ocrx_word' id='word_1_88' title='bbox 898 937 926 977; x_wconf 90' lang='lat' dir='ltr'>p</span> <span class='ocrx_word' id='word_1_89' title='bbox 946 922 1102 972; x_wconf 84' lang='lat' dir='ltr'>incidit,</span> <span class='ocrx_word' id='word_1_90' title='bbox 1137 931 1179 964; x_wconf 88' lang='lat' dir='ltr'>et</span> <span class='ocrx_word' id='word_1_91' title='bbox 1206 923 1336 964; x_wconf 86' lang='lat' dir='ltr'>altera</span> <span class='ocrx_word' id='word_1_92' title='bbox 1365 931 1427 964; x_wconf 87' lang='lat' dir='ltr'>est</span> <span class='ocrx_word' id='word_1_93' title='bbox 1456 931 1568 965; x_wconf 86' lang='lat' dir='ltr'>recta</span> <span class='ocrx_word' id='word_1_94' title='bbox 1597 924 1678 980; x_wconf 66' lang='lat' dir='ltr'>qua</span> <span class='ocrx_word' id='word_1_95' title='bbox 1699 924 1779 966; x_wconf 81' lang='lat' dir='ltr'>alia</span> <span class='ocrx_word' id='word_1_96' title='bbox 1798 924 1882 965; x_wconf 93' lang='lat' dir='ltr'>duo</span> <span class='ocrx_word' id='word_1_97' title='bbox 1903 938 1958 965; x_wconf 83' lang='lat' dir='ltr'>ex</span> 
     </span>
     <span class='ocr_line' id='line_1_10' title="bbox 248 995 1958 1052; baseline 0.001 -17"><span class='ocrx_word' id='word_1_98' title='bbox 248 995 412 1050; x_wconf 86' lang='lat' dir='ltr'>punctis</span> <span class='ocrx_word' id='word_1_99' title='bbox 433 1003 609 1049; x_wconf 84' lang='lat' dir='ltr'>quatuor</span> <span class='ocrx_word' id='word_1_100' title='bbox 623 995 869 1051; x_wconf 82' lang='lat' dir='ltr'>junguntur.</span> <span class='ocrx_word' id='word_1_101' title='bbox 932 995 977 1036; x_wconf 89' lang='lat' dir='ltr'>Si</span> <span class='ocrx_word' id='word_1_102' title='bbox 997 995 1166 1049; x_wconf 87' lang='lat' dir='ltr'>trapezii</span> <span class='ocrx_word' id='word_1_103' title='bbox 1187 995 1327 1052; x_wconf 86' lang='lat' dir='ltr'>anguli</span> <span class='ocrx_word' id='word_1_104' title='bbox 1348 996 1432 1037; x_wconf 87' lang='lat' dir='ltr'>duo</span> <span class='ocrx_word' id='word_1_105' title='bbox 1453 997 1634 1051; x_wconf 88' lang='lat' dir='ltr'>oppositi</span> <span class='ocrx_word' id='word_1_106' title='bbox 1663 996 1785 1037; x_wconf 90' lang='lat' dir='ltr'>simul</span> <span class='ocrx_word' id='word_1_107' title='bbox 1805 996 1958 1051; x_wconf 84' lang='lat' dir='ltr'>sumpti</span> 
     </span>
     <span class='ocr_line' id='line_1_11' title="bbox 250 1062 1962 1122; baseline 0 -15"><span class='ocrx_word' id='word_1_108' title='bbox 250 1062 470 1122; x_wconf 76' lang='lat' dir='ltr'>aequentur</span> <span class='ocrx_word' id='word_1_109' title='bbox 486 1065 648 1106; x_wconf 90' lang='lat' dir='ltr'>duobus</span> <span class='ocrx_word' id='word_1_110' title='bbox 669 1066 804 1115; x_wconf 80' lang='lat' dir='ltr'>rectis,</span> <span class='ocrx_word' id='word_1_111' title='bbox 837 1074 879 1106; x_wconf 88' lang='lat' dir='ltr'>et</span> <span class='ocrx_word' id='word_1_112' title='bbox 897 1065 1018 1106; x_wconf 90' lang='lat' dir='ltr'>lineae</span> <span class='ocrx_word' id='word_1_113' title='bbox 1038 1074 1214 1121; x_wconf 87' lang='lat' dir='ltr'>quatuor</span> <span class='ocrx_word' id='word_1_114' title='bbox 1236 1066 1272 1107; x_wconf 92' lang='lat' dir='ltr'>P</span> <span class='ocrx_word' id='word_1_115' title='bbox 1294 1067 1349 1116; x_wconf 84' lang='lat' dir='ltr'><strong>Q,</strong></span> <span class='ocrx_word' id='word_1_116' title='bbox 1375 1067 1411 1109; x_wconf 93' lang='lat' dir='ltr'>P</span> <span class='ocrx_word' id='word_1_117' title='bbox 1433 1067 1486 1117; x_wconf 86' lang='lat' dir='ltr'><strong>R,</strong></span> <span class='ocrx_word' id='word_1_118' title='bbox 1512 1067 1547 1108; x_wconf 91' lang='lat' dir='ltr'><strong>P</strong></span> <span class='ocrx_word' id='word_1_119' title='bbox 1572 1068 1614 1118; x_wconf 90' lang='lat' dir='ltr'>S,</span> <span class='ocrx_word' id='word_1_120' title='bbox 1639 1066 1676 1108; x_wconf 92' lang='lat' dir='ltr'>P</span> <span class='ocrx_word' id='word_1_121' title='bbox 1696 1067 1737 1108; x_wconf 91' lang='lat' dir='ltr'>T</span> <span class='ocrx_word' id='word_1_122' title='bbox 1756 1066 1962 1108; x_wconf 52' lang='lat' dir='ltr'>ducantur&gt;</span> 
     </span>
     <span class='ocr_line' id='line_1_12' title="bbox 250 1127 1957 1195; baseline 0.001 -17"><span class='ocrx_word' id='word_1_123' title='bbox 250 1137 304 1178; x_wconf 85' lang='lat' dir='ltr'>ad</span> <span class='ocrx_word' id='word_1_124' title='bbox 323 1137 453 1179; x_wconf 84' lang='lat' dir='ltr'>latera</span> <span class='ocrx_word' id='word_1_125' title='bbox 473 1137 560 1192; x_wconf 91' lang='lat' dir='ltr'>ejus</span> <span class='ocrx_word' id='word_1_126' title='bbox 582 1136 647 1177; x_wconf 84' lang='lat' dir='ltr'>vel</span> <span class='ocrx_word' id='word_1_127' title='bbox 675 1127 1166 1191; x_wconf 69' lang='lat' dir='ltr'>perpendiculariter&#39;vel</span> <span class='ocrx_word' id='word_1_128' title='bbox 1197 1138 1241 1179; x_wconf 90' lang='lat' dir='ltr'>in</span> <span class='ocrx_word' id='word_1_129' title='bbox 1275 1139 1436 1195; x_wconf 85' lang='lat' dir='ltr'>angulis</span> <span class='ocrx_word' id='word_1_130' title='bbox 1473 1139 1682 1195; x_wconf 86' lang='lat' dir='ltr'>quibusvis</span> <span class='ocrx_word' id='word_1_131' title='bbox 1716 1138 1957 1195; x_wconf 61' lang='lat' dir='ltr'>aequalib&#39;us,</span> 
     </span>
     <span class='ocr_line' id='line_1_13' title="bbox 251 1201 1959 1268; baseline 0.001 -18"><span class='ocrx_word' id='word_1_132' title='bbox 251 1209 385 1265; x_wconf 87' lang='lat' dir='ltr'>sitque</span> <span class='ocrx_word' id='word_1_133' title='bbox 406 1208 693 1264; x_wconf 87' lang='lat' dir='ltr'>rectangulum</span> <span class='ocrx_word' id='word_1_134' title='bbox 714 1209 792 1250; x_wconf 89' lang='lat' dir='ltr'>sub</span> <span class='ocrx_word' id='word_1_135' title='bbox 812 1209 973 1250; x_wconf 86' lang='lat' dir='ltr'>duabus</span> <span class='ocrx_word' id='word_1_136' title='bbox 996 1210 1129 1251; x_wconf 89' lang='lat' dir='ltr'>ductis</span> <span class='ocrx_word' id='word_1_137' title='bbox 1154 1210 1190 1252; x_wconf 90' lang='lat' dir='ltr'>P</span> <span class='ocrx_word' id='word_1_138' title='bbox 1207 1211 1250 1260; x_wconf 85' lang='lat' dir='ltr'>Q</span> <span class='ocrx_word' id='word_1_139' title='bbox 1275 1220 1307 1254; x_wconf 93' lang='grc'>&gt;&lt;</span> <span class='ocrx_word' id='word_1_140' title='bbox 1337 1212 1373 1253; x_wconf 90' lang='grc' dir='ltr'>Ρ</span> <span class='ocrx_word' id='word_1_141' title='bbox 1391 1212 1431 1253; x_wconf 92' lang='lat' dir='ltr'><strong>R</strong></span> <span class='ocrx_word' id='word_1_142' title='bbox 1448 1212 1605 1267; x_wconf 81' lang='lat' dir='ltr'>aequale</span> <span class='ocrx_word' id='word_1_143' title='bbox 1626 1212 1866 1268; x_wconf 85' lang='lat' dir='ltr'>rectangulo</span> <span class='ocrx_word' id='word_1_144' title='bbox 1882 1201 1959 1251; x_wconf 80' lang='lat' dir='ltr'>sub</span> 
     </span>
     <span class='ocr_line' id='line_1_14' title="bbox 251 1278 1956 1340; baseline 0.001 -18"><span class='ocrx_word' id='word_1_145' title='bbox 251 1280 410 1322; x_wconf 87' lang='lat' dir='ltr'>duabus</span> <span class='ocrx_word' id='word_1_146' title='bbox 431 1279 519 1320; x_wconf 84' lang='lat' dir='ltr'>aliis</span> <span class='ocrx_word' id='word_1_147' title='bbox 544 1279 579 1320; x_wconf 93' lang='lat' dir='ltr'>P</span> <span class='ocrx_word' id='word_1_148' title='bbox 602 1279 632 1321; x_wconf 91' lang='lat' dir='ltr'>S</span> <span class='ocrx_word' id='word_1_149' title='bbox 664 1287 698 1321; x_wconf 88' lang='grc'>&gt;&lt;</span> <span class='ocrx_word' id='word_1_150' title='bbox 731 1278 767 1320; x_wconf 91' lang='grc' dir='ltr'><strong>Ρ</strong></span> <span class='ocrx_word' id='word_1_151' title='bbox 788 1279 842 1331; x_wconf 90' lang='grc' dir='ltr'>Τ,</span> <span class='ocrx_word' id='word_1_152' title='bbox 875 1281 1003 1322; x_wconf 81' lang='lat' dir='ltr'>sectio</span> <span class='ocrx_word' id='word_1_153' title='bbox 1036 1281 1179 1324; x_wconf 86' lang='lat' dir='ltr'>conica</span> <span class='ocrx_word' id='word_1_154' title='bbox 1212 1282 1358 1325; x_wconf 86' lang='lat' dir='ltr'>evadet</span> <span class='ocrx_word' id='word_1_155' title='bbox 1390 1283 1577 1325; x_wconf 75' lang='lat' dir='ltr'>circulus.</span> <span class='ocrx_word' id='word_1_156' title='bbox 1638 1284 1687 1340; x_wconf 58' lang='grc' dir='ltr'>(θ)</span> <span class='ocrx_word' id='word_1_157' title='bbox 1720 1283 1837 1325; x_wconf 87' lang='lat' dir='ltr'><strong>Idem</strong></span> <span class='ocrx_word' id='word_1_158' title='bbox 1871 1283 1956 1333; x_wconf 88' lang='lat' dir='ltr'>fiet,</span> 
     </span>
    </p>
   </div>
   <div class='ocr_carea' id='block_1_5' title="bbox 253 1357 1094 1503">
    <p class='ocr_par' dir='ltr' id='par_1_5' title="bbox 253 1357 1094 1503">
     <span class='ocr_line' id='line_1_15' title="bbox 299 1357 1094 1416; baseline 0.003 -8"><span class='ocrx_word' id='word_1_159' title='bbox 299 1378 332 1409; x_wconf 89' lang='lat' dir='ltr'>Si</span> <span class='ocrx_word' id='word_1_160' title='bbox 346 1378 437 1409; x_wconf 83' lang='lat' dir='ltr'>lineae</span> <span class='ocrx_word' id='word_1_161' title='bbox 455 1379 483 1409; x_wconf 93' lang='lat' dir='ltr'>P</span> <span class='ocrx_word' id='word_1_162' title='bbox 501 1379 532 1416; x_wconf 88' lang='lat' dir='ltr'>S,</span> <span class='ocrx_word' id='word_1_163' title='bbox 562 1380 594 1410; x_wconf 81' lang='lat' dir='ltr'><strong>R</strong></span> <span class='ocrx_word' id='word_1_164' title='bbox 615 1379 653 1416; x_wconf 84' lang='lat' dir='ltr'><strong>P,</strong></span> <span class='ocrx_word' id='word_1_165' title='bbox 680 1374 711 1410; x_wconf 78' lang='lat' dir='ltr'>P</span> <span class='ocrx_word' id='word_1_166' title='bbox 730 1357 765 1414; x_wconf 9' lang='lat' dir='ltr'>Q!</span> <span class='ocrx_word' id='word_1_167' title='bbox 786 1379 818 1408; x_wconf 89' lang='lat' dir='ltr'>in</span> <span class='ocrx_word' id='word_1_168' title='bbox 843 1379 911 1409; x_wconf 89' lang='lat' dir='ltr'>aliis</span> <span class='ocrx_word' id='word_1_169' title='bbox 936 1379 990 1409; x_wconf 75' lang='lat' dir='ltr'>sed</span> <span class='ocrx_word' id='word_1_170' title='bbox 1015 1379 1094 1410; x_wconf 77' lang='lat' dir='ltr'>datis</span> 
     </span>
     <span class='ocr_line' id='line_1_16' title="bbox 255 1421 1091 1461; baseline 0 -10"><span class='ocrx_word' id='word_1_171' title='bbox 255 1421 379 1461; x_wconf 80' lang='lat' dir='ltr'>angulis</span> <span class='ocrx_word' id='word_1_172' title='bbox 402 1421 442 1451; x_wconf 83' lang='lat' dir='ltr'>ad</span> <span class='ocrx_word' id='word_1_173' title='bbox 468 1421 565 1452; x_wconf 79' lang='lat' dir='ltr'>iineas</span> <span class='ocrx_word' id='word_1_174' title='bbox 596 1423 625 1452; x_wconf 89' lang='lat' dir='ltr'>A</span> <span class='ocrx_word' id='word_1_175' title='bbox 649 1422 721 1457; x_wconf 90' lang='lat' dir='ltr'>C‚C</span> <span class='ocrx_word' id='word_1_176' title='bbox 739 1422 784 1459; x_wconf 90' lang='lat' dir='ltr'>D,</span> <span class='ocrx_word' id='word_1_177' title='bbox 801 1421 871 1453; x_wconf 78' lang='lat' dir='ltr'>AD</span> <span class='ocrx_word' id='word_1_178' title='bbox 894 1421 1091 1457; x_wconf 75' lang='lat' dir='ltr'>inclinentur,</span> 
     </span>
     <span class='ocr_line' id='line_1_17' title="bbox 253 1463 1092 1503; baseline 0.002 -10"><span class='ocrx_word' id='word_1_179' title='bbox 253 1463 410 1495; x_wconf 75' lang='lat' dir='ltr'>dabuntur</span> <span class='ocrx_word' id='word_1_180' title='bbox 423 1473 530 1494; x_wconf 80' lang='lat' dir='ltr'>earum</span> <span class='ocrx_word' id='word_1_181' title='bbox 552 1464 691 1495; x_wconf 84' lang='lat' dir='ltr'>rationes</span> <span class='ocrx_word' id='word_1_182' title='bbox 714 1463 754 1494; x_wconf 83' lang='lat' dir='ltr'>ad</span> <span class='ocrx_word' id='word_1_183' title='bbox 777 1465 832 1494; x_wconf 77' lang='lat' dir='ltr'>has</span> <span class='ocrx_word' id='word_1_184' title='bbox 857 1464 983 1503; x_wconf 84' lang='lat' dir='ltr'>priores,</span> <span class='ocrx_word' id='word_1_185' title='bbox 1008 1464 1092 1495; x_wconf 76' lang='lat' dir='ltr'>unde</span> 
     </span>
    </p>
   </div>
   <div class='ocr_carea' id='block_1_6' title="bbox 1166 1389 1896 1804">
    <p class='ocr_par' dir='ltr' id='par_1_6' title="bbox 1166 1389 1896 1804">
     <span class='ocr_line' id='line_1_18' title="bbox 1166 1389 1896 1804; baseline 0 1738"><span class='ocrx_word' id='word_1_186' title='bbox 1166 1389 1896 1804; x_wconf 95' lang='lat' dir='ltr'> </span> 
     </span>
    </p>
   </div>
   <div class='ocr_carea' id='block_1_7' title="bbox 1028 1811 1961 2189">
    <p class='ocr_par' dir='ltr' id='par_1_7' title="bbox 957 1811 1961 2023">
     <span class='ocr_line' id='line_1_19' title="bbox 1028 1811 1958 1867; baseline -0.005 -21.355"><span class='ocrx_word' id='word_1_187' title='bbox 1028 1820 1073 1867; x_wconf 82' lang='lat' dir='ltr'><strong>D</strong></span> <span class='ocrx_word' id='word_1_188' title='bbox 1125 1813 1238 1844; x_wconf 85' lang='lat' dir='ltr'>incidit</span> <span class='ocrx_word' id='word_1_189' title='bbox 1253 1813 1286 1842; x_wconf 88' lang='lat' dir='ltr'>in</span> <span class='ocrx_word' id='word_1_190' title='bbox 1301 1818 1416 1843; x_wconf 85' lang='lat' dir='ltr'>rectam</span> <span class='ocrx_word' id='word_1_191' title='bbox 1431 1812 1493 1854; x_wconf 63' lang='lat' dir='ltr'>qua</span> <span class='ocrx_word' id='word_1_192' title='bbox 1507 1812 1622 1853; x_wconf 84' lang='lat' dir='ltr'>quaevis</span> <span class='ocrx_word' id='word_1_193' title='bbox 1636 1822 1674 1843; x_wconf 88' lang='lat' dir='ltr'>ex</span> <span class='ocrx_word' id='word_1_194' title='bbox 1688 1811 1809 1851; x_wconf 84' lang='lat' dir='ltr'>punctis</span> <span class='ocrx_word' id='word_1_195' title='bbox 1824 1817 1958 1852; x_wconf 81' lang='lat' dir='ltr'>quatuor</span> 
     </span>
     <span class='ocr_line' id='line_1_20' title="bbox 1127 1855 1957 1896; baseline -0.004 -10"><span class='ocrx_word' id='word_1_196' title='bbox 1127 1857 1169 1892; x_wconf 87' lang='lat' dir='ltr'>A,</span> <span class='ocrx_word' id='word_1_197' title='bbox 1190 1857 1228 1892; x_wconf 87' lang='lat' dir='ltr'><strong>B,</strong></span> <span class='ocrx_word' id='word_1_198' title='bbox 1257 1856 1292 1892; x_wconf 92' lang='lat' dir='ltr'>C,</span> <span class='ocrx_word' id='word_1_199' title='bbox 1312 1856 1355 1892; x_wconf 90' lang='lat' dir='ltr'>D,</span> <span class='ocrx_word' id='word_1_200' title='bbox 1367 1856 1546 1896; x_wconf 84' lang='lat' dir='ltr'>junguntur</span> <span class='ocrx_word' id='word_1_201' title='bbox 1567 1862 1597 1886; x_wconf 85' lang='lat' dir='ltr'>et</span> <span class='ocrx_word' id='word_1_202' title='bbox 1611 1857 1714 1887; x_wconf 75' lang='lat' dir='ltr'>conica</span> <span class='ocrx_word' id='word_1_203' title='bbox 1728 1856 1814 1885; x_wconf 77' lang='lat' dir='ltr'>sectio</span> <span class='ocrx_word' id='word_1_204' title='bbox 1829 1855 1957 1884; x_wconf 70' lang='lat' dir='ltr'>vertitur</span> 
     </span>
     <span class='ocr_line' id='line_1_21' title="bbox 1123 1897 1956 1939; baseline -0.004 -10"><span class='ocrx_word' id='word_1_205' title='bbox 1123 1899 1306 1937; x_wconf 73' lang='lat' dir='ltr'>ingeminas</span> <span class='ocrx_word' id='word_1_206' title='bbox 1321 1904 1416 1929; x_wconf 75' lang='lat' dir='ltr'>rectas</span> <span class='ocrx_word' id='word_1_207' title='bbox 1430 1909 1563 1939; x_wconf 80' lang='lat' dir='ltr'>quarum</span> <span class='ocrx_word' id='word_1_208' title='bbox 1588 1909 1653 1928; x_wconf 83' lang='lat' dir='ltr'>una</span> <span class='ocrx_word' id='word_1_209' title='bbox 1677 1903 1718 1927; x_wconf 79' lang='lat' dir='ltr'>est</span> <span class='ocrx_word' id='word_1_210' title='bbox 1740 1903 1822 1928; x_wconf 82' lang='lat' dir='ltr'>recta</span> <span class='ocrx_word' id='word_1_211' title='bbox 1843 1898 1896 1926; x_wconf 70' lang='lat' dir='ltr'>illa</span> <span class='ocrx_word' id='word_1_212' title='bbox 1921 1897 1956 1927; x_wconf 78' lang='lat' dir='ltr'>in</span> 
     </span>
     <span class='ocr_line' id='line_1_22' title="bbox 1122 1936 1954 1981; baseline -0.002 -11"><span class='ocrx_word' id='word_1_213' title='bbox 1122 1941 1184 1981; x_wconf 76' lang='lat' dir='ltr'>quei</span> <span class='ocrx_word' id='word_1_214' title='bbox 1197 1946 1350 1980; x_wconf 80' lang='lat' dir='ltr'>punctum</span> <span class='ocrx_word' id='word_1_215' title='bbox 1374 1943 1403 1971; x_wconf 92' lang='lat' dir='ltr'><em>P</em></span> <span class='ocrx_word' id='word_1_216' title='bbox 1426 1942 1533 1971; x_wconf 84' lang='lat' dir='ltr'>incidit</span> <span class='ocrx_word' id='word_1_217' title='bbox 1554 1946 1583 1970; x_wconf 80' lang='lat' dir='ltr'>et</span> <span class='ocrx_word' id='word_1_218' title='bbox 1605 1941 1699 1969; x_wconf 79' lang='lat' dir='ltr'>altera</span> <span class='ocrx_word' id='word_1_219' title='bbox 1723 1945 1766 1970; x_wconf 78' lang='lat' dir='ltr'>est</span> <span class='ocrx_word' id='word_1_220' title='bbox 1790 1944 1870 1969; x_wconf 79' lang='lat' dir='ltr'>recta</span> <span class='ocrx_word' id='word_1_221' title='bbox 1891 1936 1954 1979; x_wconf 70' lang='lat' dir='ltr'>qud</span> 
     </span>
     <span class='ocr_line' id='line_1_23' title="bbox 1127 1982 1961 2023; baseline -0.004 -9"><span class='ocrx_word' id='word_1_222' title='bbox 1127 1985 1186 2014; x_wconf 83' lang='lat' dir='ltr'>alia</span> <span class='ocrx_word' id='word_1_223' title='bbox 1201 1985 1261 2014; x_wconf 85' lang='lat' dir='ltr'>duo</span> <span class='ocrx_word' id='word_1_224' title='bbox 1277 1985 1446 2022; x_wconf 66' lang='lat' dir='ltr'>expunctis</span> <span class='ocrx_word' id='word_1_225' title='bbox 1461 1982 1790 2023; x_wconf 70' lang='lat' dir='ltr'>quatuorjungunlur.</span> <span class='ocrx_word' id='word_1_226' title='bbox 1958 2015 1961 2018; x_wconf 39' lang='lat'>‚</span> 
     </span>
    </p>

    <p class='ocr_par' dir='ltr' id='par_1_8' title="bbox 1126 2021 1956 2189">
     <span class='ocr_line' id='line_1_24' title="bbox 1171 2021 1956 2066; baseline -0.005 -11"><span class='ocrx_word' id='word_1_227' title='bbox 1171 2025 1217 2066; x_wconf 60' lang='grc' dir='ltr'>(Ε)</span> <span class='ocrx_word' id='word_1_228' title='bbox 1249 2029 1321 2055; x_wconf 82' lang='grc'><strong>304.</strong></span> <span class='ocrx_word' id='word_1_229' title='bbox 1355 2027 1446 2056; x_wconf 82' lang='lat' dir='ltr'>Sectio</span> <span class='ocrx_word' id='word_1_230' title='bbox 1473 2026 1577 2055; x_wconf 83' lang='lat' dir='ltr'>conica</span> <span class='ocrx_word' id='word_1_231' title='bbox 1601 2026 1706 2054; x_wconf 80' lang='lat' dir='ltr'><em>evadet</em></span> <span class='ocrx_word' id='word_1_232' title='bbox 1728 2024 1869 2055; x_wconf 75' lang='lat' dir='ltr'>circulus.</span> <span class='ocrx_word' id='word_1_233' title='bbox 1921 2021 1956 2052; x_wconf 82' lang='lat' dir='ltr'>Si</span> 
     </span>
     <span class='ocr_line' id='line_1_25' title="bbox 1127 2065 1955 2106; baseline -0.006 -8"><span class='ocrx_word' id='word_1_234' title='bbox 1127 2077 1165 2098; x_wconf 82' lang='lat' dir='ltr'>ex</span> <span class='ocrx_word' id='word_1_235' title='bbox 1190 2066 1315 2106; x_wconf 84' lang='lat' dir='ltr'>trapezii</span> <span class='ocrx_word' id='word_1_236' title='bbox 1343 2068 1373 2096; x_wconf 93' lang='lat' dir='ltr'>A</span> <span class='ocrx_word' id='word_1_237' title='bbox 1392 2068 1420 2097; x_wconf 91' lang='lat' dir='ltr'>B</span> <span class='ocrx_word' id='word_1_238' title='bbox 1439 2067 1471 2098; x_wconf 94' lang='lat' dir='ltr'>D</span> <span class='ocrx_word' id='word_1_239' title='bbox 1490 2066 1516 2097; x_wconf 91' lang='lat' dir='ltr'>C</span> <span class='ocrx_word' id='word_1_240' title='bbox 1541 2065 1656 2098; x_wconf 83' lang='lat' dir='ltr'>circulo</span> <span class='ocrx_word' id='word_1_241' title='bbox 1675 2065 1814 2104; x_wconf 76' lang='lat' dir='ltr'>inscripti</span> <span class='ocrx_word' id='word_1_242' title='bbox 1839 2066 1955 2103; x_wconf 77' lang='lat' dir='ltr'>augqu</span> 
     </span>
     <span class='ocr_line' id='line_1_26' title="bbox 1126 2106 1955 2150; baseline -0.005 -11"><span class='ocrx_word' id='word_1_243' title='bbox 1126 2109 1234 2150; x_wconf 89' lang='lat' dir='ltr'>quovis</span> <span class='ocrx_word' id='word_1_244' title='bbox 1252 2110 1293 2144; x_wconf 89' lang='lat' dir='ltr'>D,</span> <span class='ocrx_word' id='word_1_245' title='bbox 1318 2115 1427 2148; x_wconf 84' lang='lat' dir='ltr'>agatur</span> <span class='ocrx_word' id='word_1_246' title='bbox 1440 2115 1522 2140; x_wconf 81' lang='lat' dir='ltr'>recta</span> <span class='ocrx_word' id='word_1_247' title='bbox 1539 2109 1571 2139; x_wconf 96' lang='lat' dir='ltr'><strong>D</strong></span> <span class='ocrx_word' id='word_1_248' title='bbox 1589 2109 1631 2145; x_wconf 89' lang='lat' dir='ltr'>N,</span> <span class='ocrx_word' id='word_1_249' title='bbox 1654 2107 1742 2138; x_wconf 82' lang='lat' dir='ltr'>lateri</span> <span class='ocrx_word' id='word_1_250' title='bbox 1766 2108 1795 2137; x_wconf 90' lang='lat' dir='ltr'>A</span> <span class='ocrx_word' id='word_1_251' title='bbox 1815 2107 1841 2137; x_wconf 92' lang='lat' dir='ltr'>C</span> <span class='ocrx_word' id='word_1_252' title='bbox 1855 2106 1955 2144; x_wconf 81' lang='lat' dir='ltr'>parai-</span> 
     </span>
     <span class='ocr_line' id='line_1_27' title="bbox 1126 2146 1954 2189; baseline -0.002 -7"><span class='ocrx_word' id='word_1_253' title='bbox 1126 2152 1196 2189; x_wconf 84' lang='lat' dir='ltr'>lela,</span> <span class='ocrx_word' id='word_1_254' title='bbox 1221 2157 1251 2182; x_wconf 78' lang='lat' dir='ltr'>et</span> <span class='ocrx_word' id='word_1_255' title='bbox 1266 2151 1354 2182; x_wconf 83' lang='lat' dir='ltr'>lateri</span> <span class='ocrx_word' id='word_1_256' title='bbox 1372 2152 1402 2182; x_wconf 90' lang='lat' dir='ltr'>A</span> <span class='ocrx_word' id='word_1_257' title='bbox 1420 2152 1449 2183; x_wconf 93' lang='lat' dir='ltr'>B</span> <span class='ocrx_word' id='word_1_258' title='bbox 1475 2161 1638 2182; x_wconf 89' lang='lat' dir='ltr'>occurrens</span> <span class='ocrx_word' id='word_1_259' title='bbox 1660 2150 1693 2180; x_wconf 88' lang='lat' dir='ltr'>in</span> <span class='ocrx_word' id='word_1_260' title='bbox 1711 2151 1753 2187; x_wconf 89' lang='lat' dir='ltr'><strong>N,</strong></span> <span class='ocrx_word' id='word_1_261' title='bbox 1780 2146 1892 2180; x_wconf 65' lang='lat' dir='ltr'>deinde</span> <span class='ocrx_word' id='word_1_262' title='bbox 1915 2157 1954 2180; x_wconf 81' lang='lat' dir='ltr'>ex</span> 
     </span>
    </p>
   </div>
   <div class='ocr_carea' id='block_1_8' title="bbox 260 1554 1016 2202">
    <p class='ocr_par' dir='ltr' id='par_1_9' title="bbox 260 1554 1016 2202">
     <span class='ocr_line' id='line_1_28' title="bbox 260 1554 1016 2202; baseline 0 1340"><span class='ocrx_word' id='word_1_263' title='bbox 260 1554 1016 2202; x_wconf 95' lang='lat' dir='ltr'> </span> 
     </span>
    </p>
   </div>
   <div class='ocr_carea' id='block_1_9' title="bbox 257 2240 1958 3089">
    <p class='ocr_par' dir='ltr' id='par_1_10' title="bbox 257 2240 1084 2361">
     <span class='ocr_line' id='line_1_29' title="bbox 257 2240 1080 2276; baseline -0.005 -1"><span class='ocrx_word' id='word_1_264' title='bbox 257 2244 549 2276; x_wconf 71' lang='lat' dir='ltr'>deducethr&#39;eodcm</span> <span class='ocrx_word' id='word_1_265' title='bbox 565 2241 658 2272; x_wconf 84' lang='lat' dir='ltr'>modo</span> <span class='ocrx_word' id='word_1_266' title='bbox 676 2252 710 2272; x_wconf 85' lang='lat' dir='ltr'>ac</span> <span class='ocrx_word' id='word_1_267' title='bbox 732 2242 764 2271; x_wconf 91' lang='lat' dir='ltr'>in</span> <span class='ocrx_word' id='word_1_268' title='bbox 782 2241 944 2272; x_wconf 86' lang='lat' dir='ltr'>Lemmate</span> <span class='ocrx_word' id='word_1_269' title='bbox 961 2240 1080 2271; x_wconf 88' lang='lat' dir='ltr'>XVII.</span> 
     </span>
     <span class='ocr_line' id='line_1_30' title="bbox 257 2283 1084 2321; baseline -0.005 -4"><span class='ocrx_word' id='word_1_270' title='bbox 257 2288 289 2317; x_wconf 92' lang='lat' dir='ltr'>in</span> <span class='ocrx_word' id='word_1_271' title='bbox 304 2286 363 2318; x_wconf 84' lang='lat' dir='ltr'>is&#39;to</span> <span class='ocrx_word' id='word_1_272' title='bbox 377 2288 469 2318; x_wconf 82' lang='lat' dir='ltr'>etiam</span> <span class='ocrx_word' id='word_1_273' title='bbox 484 2296 557 2317; x_wconf 85' lang='lat' dir='ltr'>casu</span> <span class='ocrx_word' id='word_1_274' title='bbox 571 2285 636 2315; x_wconf 88' lang='lat' dir='ltr'>fore</span> <span class='ocrx_word' id='word_1_275' title='bbox 654 2285 675 2314; x_wconf 92' lang='lat' dir='ltr'>S</span> <span class='ocrx_word' id='word_1_276' title='bbox 694 2285 720 2315; x_wconf 90' lang='lat' dir='ltr'><strong>P</strong></span> <span class='ocrx_word' id='word_1_277' title='bbox 736 2286 751 2303; x_wconf 90' lang='lat'>²</span> <span class='ocrx_word' id='word_1_278' title='bbox 767 2284 806 2315; x_wconf 83' lang='lat' dir='ltr'>ad</span> <span class='ocrx_word' id='word_1_279' title='bbox 823 2285 854 2314; x_wconf 86' lang='lat' dir='ltr'><strong>R</strong></span> <span class='ocrx_word' id='word_1_280' title='bbox 872 2284 900 2314; x_wconf 90' lang='lat' dir='ltr'>P</span> <span class='ocrx_word' id='word_1_281' title='bbox 913 2288 946 2321; x_wconf 84' lang='grc' dir='ltr'>χ</span> <span class='ocrx_word' id='word_1_282' title='bbox 964 2284 991 2314; x_wconf 78' lang='lat'>1³</span> <span class='ocrx_word' id='word_1_283' title='bbox 1006 2284 1039 2319; x_wconf 85' lang='lat' dir='ltr'>Q</span> <span class='ocrx_word' id='word_1_284' title='bbox 1051 2283 1084 2313; x_wconf 85' lang='lat' dir='ltr'>in</span> 
     </span>
     <span class='ocr_line' id='line_1_31' title="bbox 257 2329 472 2361; baseline -0.009 0"><span class='ocrx_word' id='word_1_285' title='bbox 257 2329 328 2361; x_wconf 73' lang='lat' dir='ltr'>datii</span> <span class='ocrx_word' id='word_1_286' title='bbox 344 2330 472 2360; x_wconf 74' lang='lat' dir='ltr'>ratione.</span> 
     </span>
    </p>

    <p class='ocr_par' dir='ltr' id='par_1_11' title="bbox 262 2367 1086 2446">
     <span class='ocr_line' id='line_1_32' title="bbox 303 2367 1086 2403; baseline -0.008 0"><span class='ocrx_word' id='word_1_287' title='bbox 303 2373 423 2403; x_wconf 75' lang='lat' dir='ltr'>Pariter</span> <span class='ocrx_word' id='word_1_288' title='bbox 437 2377 468 2402; x_wconf 83' lang='lat' dir='ltr'>et</span> <span class='ocrx_word' id='word_1_289' title='bbox 483 2380 627 2402; x_wconf 84' lang='lat' dir='ltr'>conversa</span> <span class='ocrx_word' id='word_1_290' title='bbox 638 2367 898 2401; x_wconf 72' lang='lat' dir='ltr'>demonstrabitur</span> <span class='ocrx_word' id='word_1_291' title='bbox 907 2374 941 2398; x_wconf 89' lang='lat' dir='ltr'>ut</span> <span class='ocrx_word' id='word_1_292' title='bbox 955 2368 1086 2399; x_wconf 74' lang='lat' dir='ltr'>Lemma</span> 
     </span>
     <span class='ocr_line' id='line_1_33' title="bbox 262 2415 689 2446; baseline 0 -1"><span class='ocrx_word' id='word_1_293' title='bbox 262 2415 404 2446; x_wconf 89' lang='lat' dir='ltr'><strong>XVIII.</strong></span> <span class='ocrx_word' id='word_1_294' title='bbox 686 2443 689 2445; x_wconf 20' lang='grc' dir='ltr'><strong>Α</strong></span> 
     </span>
    </p>

    <p class='ocr_par' dir='ltr' id='par_1_12' title="bbox 257 2454 1087 2750">
     <span class='ocr_line' id='line_1_34' title="bbox 301 2454 1087 2500; baseline -0.006 -11"><span class='ocrx_word' id='word_1_295' title='bbox 301 2459 351 2500; x_wconf 89' lang='lat'>(†)</span> <span class='ocrx_word' id='word_1_296' title='bbox 376 2460 393 2476; x_wconf 74' lang='lat'>¹*</span> <span class='ocrx_word' id='word_1_297' title='bbox 418 2459 487 2489; x_wconf 84' lang='lat' dir='ltr'>Jam</span> <span class='ocrx_word' id='word_1_298' title='bbox 512 2457 640 2488; x_wconf 56' lang='lat' dir='ltr'>curvam</span> <span class='ocrx_word' id='word_1_299' title='bbox 654 2457 687 2486; x_wconf 77' lang='lat' dir='ltr'>in</span> <span class='ocrx_word' id='word_1_300' title='bbox 706 2456 829 2495; x_wconf 78' lang='lat' dir='ltr'>punctis</span> <span class='ocrx_word' id='word_1_301' title='bbox 844 2455 901 2484; x_wconf 72' lang='lat' dir='ltr'>illis</span> <span class='ocrx_word' id='word_1_302' title='bbox 915 2454 1087 2485; x_wconf 79' lang='lat' dir='ltr'>coeuntibus</span> 
     </span>
     <span class='ocr_line' id='line_1_35' title="bbox 257 2497 1085 2540; baseline -0.008 -8"><span class='ocrx_word' id='word_1_303' title='bbox 257 2513 320 2532; x_wconf 81' lang='lat' dir='ltr'>non</span> <span class='ocrx_word' id='word_1_304' title='bbox 334 2502 464 2540; x_wconf 81' lang='lat' dir='ltr'>amplius</span> <span class='ocrx_word' id='word_1_305' title='bbox 477 2510 578 2530; x_wconf 78' lang='lat' dir='ltr'>secare</span> <span class='ocrx_word' id='word_1_306' title='bbox 591 2503 725 2537; x_wconf 74' lang='lat' dir='ltr'>possunt,</span> <span class='ocrx_word' id='word_1_307' title='bbox 740 2499 791 2528; x_wconf 83' lang='lat' dir='ltr'>sed</span> <span class='ocrx_word' id='word_1_308' title='bbox 805 2497 926 2527; x_wconf 62' lang='lat' dir='ltr'>tantiam</span> <span class='ocrx_word' id='word_1_309' title='bbox 942 2501 1085 2535; x_wconf 77' lang='lat' dir='ltr'>tangent,-</span> 
     </span>
     <span class='ocr_line' id='line_1_36' title="bbox 257 2540 1081 2582; baseline -0.008 -9"><span class='ocrx_word' id='word_1_310' title='bbox 257 2550 371 2582; x_wconf 85' lang='lat' dir='ltr'>puncta</span> <span class='ocrx_word' id='word_1_311' title='bbox 386 2542 469 2572; x_wconf 84' lang='lat' dir='ltr'>enim</span> <span class='ocrx_word' id='word_1_312' title='bbox 483 2543 510 2572; x_wconf 88' lang='lat' dir='ltr'>A</span> <span class='ocrx_word' id='word_1_313' title='bbox 526 2547 556 2571; x_wconf 88' lang='lat' dir='ltr'>et</span> <span class='ocrx_word' id='word_1_314' title='bbox 570 2542 608 2576; x_wconf 83' lang='lat' dir='ltr'>B,</span> <span class='ocrx_word' id='word_1_315' title='bbox 627 2541 653 2571; x_wconf 87' lang='lat' dir='ltr'>C</span> <span class='ocrx_word' id='word_1_316' title='bbox 665 2546 696 2570; x_wconf 88' lang='lat' dir='ltr'>et</span> <span class='ocrx_word' id='word_1_317' title='bbox 710 2540 752 2577; x_wconf 92' lang='lat' dir='ltr'><strong>D,</strong></span> <span class='ocrx_word' id='word_1_318' title='bbox 768 2549 887 2578; x_wconf 87' lang='lat' dir='ltr'>semper</span> <span class='ocrx_word' id='word_1_319' title='bbox 901 2547 1081 2577; x_wconf 81' lang='lat' dir='ltr'>supponun-</span> 
     </span>
     <span class='ocr_line' id='line_1_37' title="bbox 257 2578 1081 2622; baseline -0.01 -6"><span class='ocrx_word' id='word_1_320' title='bbox 257 2593 308 2616; x_wconf 83' lang='lat' dir='ltr'>tur</span> <span class='ocrx_word' id='word_1_321' title='bbox 323 2586 356 2615; x_wconf 90' lang='lat' dir='ltr'>in</span> <span class='ocrx_word' id='word_1_322' title='bbox 371 2585 486 2615; x_wconf 87' lang='lat' dir='ltr'>conicae</span> <span class='ocrx_word' id='word_1_323' title='bbox 499 2583 641 2614; x_wconf 84' lang='lat' dir='ltr'>sectionis</span> <span class='ocrx_word' id='word_1_324' title='bbox 661 2582 824 2622; x_wconf 81' lang='lat' dir='ltr'>perimetro</span> <span class='ocrx_word' id='word_1_325' title='bbox 846 2581 965 2620; x_wconf 77' lang='lat' dir='ltr'>posita;</span> <span class='ocrx_word' id='word_1_326' title='bbox 987 2578 1081 2620; x_wconf 68' lang='lat' dir='ltr'>quare</span> 
     </span>
     <span class='ocr_line' id='line_1_38' title="bbox 257 2622 1081 2659; baseline -0.011 0"><span class='ocrx_word' id='word_1_327' title='bbox 257 2626 506 2659; x_wconf 82' lang='lat' dir='ltr'>evanescentibus</span> <span class='ocrx_word' id='word_1_328' title='bbox 520 2625 671 2656; x_wconf 81' lang='lat' dir='ltr'>distantiis</span> <span class='ocrx_word' id='word_1_329' title='bbox 683 2625 713 2654; x_wconf 90' lang='lat' dir='ltr'>A</span> <span class='ocrx_word' id='word_1_330' title='bbox 726 2624 754 2654; x_wconf 88' lang='lat' dir='ltr'>B</span> <span class='ocrx_word' id='word_1_331' title='bbox 765 2629 796 2653; x_wconf 82' lang='lat' dir='ltr'>et</span> <span class='ocrx_word' id='word_1_332' title='bbox 807 2623 833 2653; x_wconf 90' lang='lat' dir='ltr'>C</span> <span class='ocrx_word' id='word_1_333' title='bbox 848 2623 891 2659; x_wconf 91' lang='lat' dir='ltr'><strong>D,</strong></span> <span class='ocrx_word' id='word_1_334' title='bbox 907 2622 996 2652; x_wconf 82' lang='lat' dir='ltr'>lineae</span> <span class='ocrx_word' id='word_1_335' title='bbox 1009 2623 1037 2651; x_wconf 88' lang='lat' dir='ltr'>A</span> <span class='ocrx_word' id='word_1_336' title='bbox 1052 2622 1081 2651; x_wconf 94' lang='lat' dir='ltr'><strong>B</strong></span> 
     </span>
     <span class='ocr_line' id='line_1_39' title="bbox 257 2664 1085 2707; baseline -0.01 -6"><span class='ocrx_word' id='word_1_337' title='bbox 257 2677 289 2701; x_wconf 85' lang='lat' dir='ltr'>et</span> <span class='ocrx_word' id='word_1_338' title='bbox 307 2671 332 2701; x_wconf 91' lang='lat' dir='ltr'>C</span> <span class='ocrx_word' id='word_1_339' title='bbox 350 2670 394 2707; x_wconf 93' lang='lat' dir='ltr'><strong>D,</strong></span> <span class='ocrx_word' id='word_1_340' title='bbox 410 2667 521 2699; x_wconf 75' lang='lat' dir='ltr'>ultimo</span> <span class='ocrx_word' id='word_1_341' title='bbox 536 2666 715 2698; x_wconf 79' lang='lat' dir='ltr'>coincidunt</span> <span class='ocrx_word' id='word_1_342' title='bbox 730 2675 802 2696; x_wconf 90' lang='lat' dir='ltr'>cum</span> <span class='ocrx_word' id='word_1_343' title='bbox 817 2664 1013 2705; x_wconf 82' lang='lat' dir='ltr'>tangentibus</span> <span class='ocrx_word' id='word_1_344' title='bbox 1021 2673 1085 2693; x_wconf 89' lang='lat' dir='ltr'>sec-</span> 
     </span>
     <span class='ocr_line' id='line_1_40' title="bbox 258 2706 1084 2750; baseline -0.01 -7"><span class='ocrx_word' id='word_1_345' title='bbox 258 2713 374 2743; x_wconf 82' lang='lat' dir='ltr'>tionem</span> <span class='ocrx_word' id='word_1_346' title='bbox 385 2711 418 2741; x_wconf 90' lang='lat' dir='ltr'>in</span> <span class='ocrx_word' id='word_1_347' title='bbox 426 2710 549 2750; x_wconf 84' lang='lat' dir='ltr'>punctis</span> <span class='ocrx_word' id='word_1_348' title='bbox 561 2710 590 2739; x_wconf 88' lang='lat' dir='ltr'>A</span> <span class='ocrx_word' id='word_1_349' title='bbox 602 2715 633 2739; x_wconf 78' lang='lat' dir='ltr'>et</span> <span class='ocrx_word' id='word_1_350' title='bbox 645 2709 680 2738; x_wconf 87' lang='lat' dir='ltr'>C.</span> <span class='ocrx_word' id='word_1_351' title='bbox 708 2707 781 2738; x_wconf 91' lang='lat' dir='ltr'>Vid.</span> <span class='ocrx_word' id='word_1_352' title='bbox 799 2707 888 2739; x_wconf 86' lang='lat' dir='ltr'>Lem.</span> <span class='ocrx_word' id='word_1_353' title='bbox 905 2706 966 2736; x_wconf 90' lang='lat' dir='ltr'>V1.</span> <span class='ocrx_word' id='word_1_354' title='bbox 984 2706 1084 2735; x_wconf 86' lang='lat' dir='ltr'>Newt.</span> 
     </span>
    </p>

    <p class='ocr_par' dir='ltr' id='par_1_13' title="bbox 259 2740 1958 3089">
     <span class='ocr_line' id='line_1_41' title="bbox 301 2740 1955 2796; baseline -0.008 -11"><span class='ocrx_word' id='word_1_355' title='bbox 301 2753 344 2796; x_wconf 73' lang='lat'>(⁶)</span> <span class='ocrx_word' id='word_1_356' title='bbox 369 2758 440 2785; x_wconf 79' lang='lat'><strong>803.</strong></span> <span class='ocrx_word' id='word_1_357' title='bbox 470 2753 591 2783; x_wconf 78' lang='lat' dir='ltr'>Puncta</span> <span class='ocrx_word' id='word_1_358' title='bbox 605 2757 737 2792; x_wconf 84' lang='lat' dir='ltr'>quatuor</span> <span class='ocrx_word' id='word_1_359' title='bbox 754 2750 795 2787; x_wconf 89' lang='lat' dir='ltr'>A,</span> <span class='ocrx_word' id='word_1_360' title='bbox 814 2750 852 2786; x_wconf 86' lang='lat' dir='ltr'><strong>B,</strong></span> <span class='ocrx_word' id='word_1_361' title='bbox 870 2749 912 2783; x_wconf 85' lang='lat' dir='ltr'><strong>D,</strong></span> <span class='ocrx_word' id='word_1_362' title='bbox 927 2748 963 2785; x_wconf 87' lang='lat' dir='ltr'><strong>C,</strong></span> <span class='ocrx_word' id='word_1_363' title='bbox 980 2748 1041 2777; x_wconf 87' lang='lat' dir='ltr'>sint</span> <span class='ocrx_word' id='word_1_364' title='bbox 1055 2747 1088 2777; x_wconf 88' lang='lat' dir='ltr'>in</span> <span class='ocrx_word' id='word_1_365' title='bbox 1130 2747 1225 2777; x_wconf 86' lang='lat' dir='ltr'>altero</span> <span class='ocrx_word' id='word_1_366' title='bbox 1239 2746 1355 2787; x_wconf 84' lang='lat' dir='ltr'>angulo</span> <span class='ocrx_word' id='word_1_367' title='bbox 1379 2747 1418 2783; x_wconf 88' lang='lat' dir='ltr'><strong>B,</strong></span> <span class='ocrx_word' id='word_1_368' title='bbox 1443 2745 1574 2776; x_wconf 77' lang='lat' dir='ltr'>ducatur</span> <span class='ocrx_word' id='word_1_369' title='bbox 1598 2744 1626 2774; x_wconf 90' lang='lat' dir='ltr'><strong>B</strong></span> <span class='ocrx_word' id='word_1_370' title='bbox 1641 2743 1673 2780; x_wconf 82' lang='lat' dir='ltr'><strong>d,</strong></span> <span class='ocrx_word' id='word_1_371' title='bbox 1699 2740 1785 2772; x_wconf 81' lang='lat' dir='ltr'>lateri</span> <span class='ocrx_word' id='word_1_372' title='bbox 1803 2741 1834 2771; x_wconf 85' lang='lat' dir='ltr'>A</span> <span class='ocrx_word' id='word_1_373' title='bbox 1853 2741 1879 2772; x_wconf 92' lang='lat' dir='ltr'>C</span> <span class='ocrx_word' id='word_1_374' title='bbox 1901 2751 1955 2780; x_wconf 79' lang='lat' dir='ltr'>pa-</span> 
     </span>
     <span class='ocr_line' id='line_1_42' title="bbox 259 2782 1957 2836; baseline -0.008 -9"><span class='ocrx_word' id='word_1_375' title='bbox 259 2797 423 2836; x_wconf 75' lang='lat' dir='ltr'>petimen-o</span> <span class='ocrx_word' id='word_1_376' title='bbox 436 2794 611 2836; x_wconf 84' lang='lat' dir='ltr'>hyperboiae</span> <span class='ocrx_word' id='word_1_377' title='bbox 633 2793 680 2823; x_wconf 87' lang='lat' dir='ltr'>vel</span> <span class='ocrx_word' id='word_1_378' title='bbox 704 2793 737 2822; x_wconf 88' lang='lat' dir='ltr'>in</span> <span class='ocrx_word' id='word_1_379' title='bbox 760 2790 930 2831; x_wconf 84' lang='lat' dir='ltr'>perimetris</span> <span class='ocrx_word' id='word_1_380' title='bbox 955 2790 1087 2821; x_wconf 83' lang='lat' dir='ltr'>duarum</span> <span class='ocrx_word' id='word_1_381' title='bbox 1130 2789 1236 2819; x_wconf 81' lang='lat' dir='ltr'>rallela</span> <span class='ocrx_word' id='word_1_382' title='bbox 1250 2789 1364 2819; x_wconf 83' lang='lat' dir='ltr'>circulo</span> <span class='ocrx_word' id='word_1_383' title='bbox 1387 2797 1548 2819; x_wconf 85' lang='lat' dir='ltr'>occurrens</span> <span class='ocrx_word' id='word_1_384' title='bbox 1569 2787 1600 2812; x_wconf 88' lang='lat' dir='ltr'>in</span> <span class='ocrx_word' id='word_1_385' title='bbox 1616 2785 1646 2822; x_wconf 92' lang='lat' dir='ltr'><strong>d,</strong></span> <span class='ocrx_word' id='word_1_386' title='bbox 1665 2786 1876 2824; x_wconf 75' lang='lat' dir='ltr'>jungaturque</span> <span class='ocrx_word' id='word_1_387' title='bbox 1894 2785 1920 2814; x_wconf 86' lang='lat' dir='ltr'>C</span> <span class='ocrx_word' id='word_1_388' title='bbox 1934 2782 1957 2813; x_wconf 86' lang='lat' dir='ltr'>d</span> 
     </span>
     <span class='ocr_line' id='line_1_43' title="bbox 260 2824 1957 2878; baseline -0.007 -10"><span class='ocrx_word' id='word_1_389' title='bbox 260 2838 496 2878; x_wconf 84' lang='lat' dir='ltr'>hyperbolarum</span> <span class='ocrx_word' id='word_1_390' title='bbox 508 2836 725 2876; x_wconf 79' lang='lat' dir='ltr'>oppositarum,</span> <span class='ocrx_word' id='word_1_391' title='bbox 736 2834 864 2874; x_wconf 85' lang='lat' dir='ltr'>planum</span> <span class='ocrx_word' id='word_1_392' title='bbox 876 2832 1016 2864; x_wconf 81' lang='lat' dir='ltr'>sectionis</span> <span class='ocrx_word' id='word_1_393' title='bbox 1025 2841 1087 2872; x_wconf 91' lang='lat' dir='ltr'>quo</span> <span class='ocrx_word' id='word_1_394' title='bbox 1129 2837 1243 2862; x_wconf 83' lang='lat' dir='ltr'>rectam</span> <span class='ocrx_word' id='word_1_395' title='bbox 1261 2832 1293 2862; x_wconf 89' lang='lat' dir='ltr'><strong>D</strong></span> <span class='ocrx_word' id='word_1_396' title='bbox 1313 2832 1353 2867; x_wconf 83' lang='lat' dir='ltr'><strong>N,</strong></span> <span class='ocrx_word' id='word_1_397' title='bbox 1377 2840 1482 2861; x_wconf 83' lang='lat' dir='ltr'>secans</span> <span class='ocrx_word' id='word_1_398' title='bbox 1506 2829 1539 2859; x_wconf 86' lang='lat' dir='ltr'>in</span> <span class='ocrx_word' id='word_1_399' title='bbox 1569 2824 1618 2866; x_wconf 85' lang='lat' dir='ltr'><strong>M,</strong></span> <span class='ocrx_word' id='word_1_400' title='bbox 1631 2827 1687 2858; x_wconf 83' lang='lat' dir='ltr'>erit</span> <span class='ocrx_word' id='word_1_401' title='bbox 1715 2827 1746 2856; x_wconf 92' lang='lat' dir='ltr'><strong>D</strong></span> <span class='ocrx_word' id='word_1_402' title='bbox 1764 2827 1795 2858; x_wconf 90' lang='lat' dir='ltr'>N</span> <span class='ocrx_word' id='word_1_403' title='bbox 1813 2830 1846 2863; x_wconf 90' lang='grc'>&gt;&lt;</span> <span class='ocrx_word' id='word_1_404' title='bbox 1867 2825 1900 2856; x_wconf 92' lang='lat' dir='ltr'><strong>D</strong></span> <span class='ocrx_word' id='word_1_405' title='bbox 1918 2825 1957 2856; x_wconf 83' lang='lat' dir='ltr'><strong><em>M</em></strong></span> 
     </span>
     <span class='ocr_line' id='line_1_44' title="bbox 259 2867 1957 2920; baseline -0.008 -9"><span class='ocrx_word' id='word_1_406' title='bbox 259 2881 425 2920; x_wconf 69' lang='lat' dir='ltr'>hyperbol-,1</span> <span class='ocrx_word' id='word_1_407' title='bbox 438 2880 471 2910; x_wconf 90' lang='lat' dir='ltr'>in</span> <span class='ocrx_word' id='word_1_408' title='bbox 487 2889 566 2910; x_wconf 91' lang='lat' dir='ltr'>cono</span> <span class='ocrx_word' id='word_1_409' title='bbox 580 2876 743 2920; x_wconf 82' lang='lat' dir='ltr'>generatur</span> <span class='ocrx_word' id='word_1_410' title='bbox 755 2875 928 2907; x_wconf 78' lang='lat' dir='ltr'>accedatad</span> <span class='ocrx_word' id='word_1_411' title='bbox 939 2874 1009 2905; x_wconf 87' lang='lat' dir='ltr'>coni</span> <span class='ocrx_word' id='word_1_412' title='bbox 1021 2884 1086 2904; x_wconf 85' lang='lat' dir='ltr'>ver·</span> <span class='ocrx_word' id='word_1_413' title='bbox 1131 2887 1176 2903; x_wconf 89' lang='lat'><strong><em>=</em></strong></span> <span class='ocrx_word' id='word_1_414' title='bbox 1202 2874 1232 2903; x_wconf 97' lang='lat' dir='ltr'>A</span> <span class='ocrx_word' id='word_1_415' title='bbox 1262 2873 1294 2904; x_wconf 88' lang='lat' dir='ltr'>N</span> <span class='ocrx_word' id='word_1_416' title='bbox 1313 2878 1358 2910; x_wconf 62' lang='lat'>⁴&gt;&lt;</span> <span class='ocrx_word' id='word_1_417' title='bbox 1386 2873 1418 2903; x_wconf 93' lang='lat' dir='ltr'>N</span> <span class='ocrx_word' id='word_1_418' title='bbox 1450 2872 1488 2902; x_wconf 87' lang='lat' dir='ltr'>B.</span> <span class='ocrx_word' id='word_1_419' title='bbox 1555 2871 1641 2901; x_wconf 81' lang='lat' dir='ltr'>Nam</span> <span class='ocrx_word' id='word_1_420' title='bbox 1667 2870 1818 2910; x_wconf 81' lang='lat' dir='ltr'>jungatur</span> <span class='ocrx_word' id='word_1_421' title='bbox 1849 2868 1879 2899; x_wconf 88' lang='lat' dir='ltr'>A</span> <span class='ocrx_word' id='word_1_422' title='bbox 1913 2867 1957 2906; x_wconf 50' lang='lat' dir='ltr'>K,</span> 
     </span>
     <span class='ocr_line' id='line_1_45' title="bbox 260 2910 1958 2963; baseline -0.007 -11"><span class='ocrx_word' id='word_1_423' title='bbox 260 2922 351 2952; x_wconf 84' lang='lat' dir='ltr'>tieem</span> <span class='ocrx_word' id='word_1_424' title='bbox 363 2935 373 2959; x_wconf 86' lang='lat'>;</span> <span class='ocrx_word' id='word_1_425' title='bbox 395 2922 568 2963; x_wconf 86' lang='lat' dir='ltr'>hyperbolae</span> <span class='ocrx_word' id='word_1_426' title='bbox 584 2922 617 2951; x_wconf 89' lang='lat' dir='ltr'>in</span> <span class='ocrx_word' id='word_1_427' title='bbox 631 2919 786 2960; x_wconf 73' lang='lat' dir='ltr'>triangula</span> <span class='ocrx_word' id='word_1_428' title='bbox 799 2916 954 2950; x_wconf 75' lang='lat' dir='ltr'>rectilinea</span> <span class='ocrx_word' id='word_1_429' title='bbox 964 2922 1087 2947; x_wconf 79' lang='lat' dir='ltr'>mutan·</span> <span class='ocrx_word' id='word_1_430' title='bbox 1130 2922 1162 2946; x_wconf 83' lang='lat' dir='ltr'>et</span> <span class='ocrx_word' id='word_1_431' title='bbox 1189 2915 1334 2954; x_wconf 82' lang='lat' dir='ltr'>quoniam</span> <span class='ocrx_word' id='word_1_432' title='bbox 1364 2924 1453 2944; x_wconf 77' lang='lat' dir='ltr'>arcus</span> <span class='ocrx_word' id='word_1_433' title='bbox 1483 2914 1509 2943; x_wconf 93' lang='lat' dir='ltr'>C</span> <span class='ocrx_word' id='word_1_434' title='bbox 1541 2913 1584 2949; x_wconf 87' lang='lat' dir='ltr'><strong>D,</strong></span> <span class='ocrx_word' id='word_1_435' title='bbox 1615 2919 1645 2942; x_wconf 86' lang='lat' dir='ltr'>et</span> <span class='ocrx_word' id='word_1_436' title='bbox 1678 2914 1705 2943; x_wconf 85' lang='lat' dir='ltr'>A</span> <span class='ocrx_word' id='word_1_437' title='bbox 1740 2911 1781 2947; x_wconf 89' lang='lat' dir='ltr'><strong>K,</strong></span> <span class='ocrx_word' id='word_1_438' title='bbox 1814 2911 1848 2941; x_wconf 92' lang='lat' dir='ltr'><strong>D</strong></span> <span class='ocrx_word' id='word_1_439' title='bbox 1871 2910 1902 2947; x_wconf 81' lang='lat' dir='ltr'><strong>d,</strong></span> <span class='ocrx_word' id='word_1_440' title='bbox 1927 2915 1958 2940; x_wconf 72' lang='lat' dir='ltr'>et</span> 
     </span>
     <span class='ocr_line' id='line_1_46' title="bbox 260 2953 1958 3003; baseline -0.008 -8"><span class='ocrx_word' id='word_1_441' title='bbox 260 2970 312 2995; x_wconf 82' lang='lat' dir='ltr'>tur</span> <span class='ocrx_word' id='word_1_442' title='bbox 326 2974 395 3003; x_wconf 85' lang='lat' dir='ltr'>quae</span> <span class='ocrx_word' id='word_1_443' title='bbox 409 2971 501 2995; x_wconf 84' lang='lat' dir='ltr'>erunt</span> <span class='ocrx_word' id='word_1_444' title='bbox 516 2964 584 2994; x_wconf 88' lang='lat' dir='ltr'>loca</span> <span class='ocrx_word' id='word_1_445' title='bbox 598 2968 784 3003; x_wconf 82' lang='lat' dir='ltr'>punctorum</span> <span class='ocrx_word' id='word_1_446' title='bbox 797 2961 835 2998; x_wconf 90' lang='lat' dir='ltr'><strong>P,</strong></span> <span class='ocrx_word' id='word_1_447' title='bbox 852 2966 882 2990; x_wconf 83' lang='lat' dir='ltr'>et</span> <span class='ocrx_word' id='word_1_448' title='bbox 896 2969 1027 3000; x_wconf 87' lang='lat' dir='ltr'>quorum</span> <span class='ocrx_word' id='word_1_449' title='bbox 1044 2959 1087 2990; x_wconf 83' lang='lat' dir='ltr'>la—</span> <span class='ocrx_word' id='word_1_450' title='bbox 1133 2957 1167 2988; x_wconf 81' lang='lat' dir='ltr'><strong>K</strong></span> <span class='ocrx_word' id='word_1_451' title='bbox 1185 2958 1318 2992; x_wconf 83' lang='lat' dir='ltr'>B.&#39;inter</span> <span class='ocrx_word' id='word_1_452' title='bbox 1343 2956 1464 2987; x_wconf 77' lang='lat' dir='ltr'>easdem</span> <span class='ocrx_word' id='word_1_453' title='bbox 1490 2955 1648 2994; x_wconf 79' lang='lat' dir='ltr'>parailelas</span> <span class='ocrx_word' id='word_1_454' title='bbox 1670 2953 1830 2993; x_wconf 83' lang='lat' dir='ltr'>intercepti</span> <span class='ocrx_word' id='word_1_455' title='bbox 1856 2954 1958 2992; x_wconf 63' lang='lat' dir='ltr'>aequ-4</span> 
     </span>
     <span class='ocr_line' id='line_1_47' title="bbox 262 2989 1955 3042; baseline -0.006 -5"><span class='ocrx_word' id='word_1_456' title='bbox 262 3012 327 3037; x_wconf 79' lang='lat' dir='ltr'>tera</span> <span class='ocrx_word' id='word_1_457' title='bbox 342 3006 389 3035; x_wconf 85' lang='lat' dir='ltr'>vel</span> <span class='ocrx_word' id='word_1_458' title='bbox 404 3005 583 3037; x_wconf 86' lang='lat' dir='ltr'>coincidunt</span> <span class='ocrx_word' id='word_1_459' title='bbox 594 3016 665 3036; x_wconf 89' lang='lat' dir='ltr'>cum</span> <span class='ocrx_word' id='word_1_460' title='bbox 676 3004 798 3035; x_wconf 86' lang='lat' dir='ltr'>duobus</span> <span class='ocrx_word' id='word_1_461' title='bbox 808 3002 933 3042; x_wconf 77' lang='lat' dir='ltr'>trapezii</span> <span class='ocrx_word' id='word_1_462' title='bbox 945 3001 1089 3033; x_wconf 77' lang='lat' dir='ltr'>lateribus</span> <span class='ocrx_word' id='word_1_463' title='bbox 1131 2999 1177 3031; x_wconf 84' lang='lat' dir='ltr'>les</span> <span class='ocrx_word' id='word_1_464' title='bbox 1201 3006 1283 3036; x_wconf 82' lang='lat' dir='ltr'>sunt,</span> <span class='ocrx_word' id='word_1_465' title='bbox 1307 2999 1415 3039; x_wconf 85' lang='lat' dir='ltr'>anguli</span> <span class='ocrx_word' id='word_1_466' title='bbox 1443 2998 1475 3029; x_wconf 91' lang='lat' dir='ltr'><strong>D</strong></span> <span class='ocrx_word' id='word_1_467' title='bbox 1494 2999 1520 3028; x_wconf 94' lang='lat' dir='ltr'>C</span> <span class='ocrx_word' id='word_1_468' title='bbox 1535 2997 1565 3034; x_wconf 84' lang='lat' dir='ltr'><strong>d,</strong></span> <span class='ocrx_word' id='word_1_469' title='bbox 1593 3004 1624 3027; x_wconf 83' lang='lat' dir='ltr'>ct</span> <span class='ocrx_word' id='word_1_470' title='bbox 1651 2998 1678 3028; x_wconf 92' lang='lat' dir='ltr'>B</span> <span class='ocrx_word' id='word_1_471' title='bbox 1697 2997 1727 3027; x_wconf 89' lang='lat' dir='ltr'>A</span> <span class='ocrx_word' id='word_1_472' title='bbox 1746 2996 1790 3033; x_wconf 85' lang='lat' dir='ltr'><strong>K,</strong></span> <span class='ocrx_word' id='word_1_473' title='bbox 1819 2995 1846 3027; x_wconf 89' lang='lat' dir='ltr'>C</span> <span class='ocrx_word' id='word_1_474' title='bbox 1870 2995 1903 3025; x_wconf 95' lang='lat' dir='ltr'><strong>D</strong></span> <span class='ocrx_word' id='word_1_475' title='bbox 1924 2989 1955 3026; x_wconf 72' lang='grc' dir='ltr'><strong>Κ</strong></span> 
     </span>
     <span class='ocr_line' id='line_1_48' title="bbox 261 3036 1958 3089; baseline -0.007 -10"><span class='ocrx_word' id='word_1_476' title='bbox 261 3048 309 3080; x_wconf 84' lang='lat' dir='ltr'>vel</span> <span class='ocrx_word' id='word_1_477' title='bbox 319 3053 391 3079; x_wconf 80' lang='lat' dir='ltr'>sunt</span> <span class='ocrx_word' id='word_1_478' title='bbox 400 3047 494 3087; x_wconf 74' lang='lat' dir='ltr'>ipsius</span> <span class='ocrx_word' id='word_1_479' title='bbox 502 3047 686 3089; x_wconf 74' lang='lat' dir='ltr'>diagonales,</span> <span class='ocrx_word' id='word_1_480' title='bbox 700 3057 734 3077; x_wconf 78' lang='lat' dir='ltr'>ac</span> <span class='ocrx_word' id='word_1_481' title='bbox 747 3043 874 3087; x_wconf 71' lang='lat' dir='ltr'>proinde</span> <span class='ocrx_word' id='word_1_482' title='bbox 886 3052 1035 3085; x_wconf 84' lang='lat' dir='ltr'>punctum</span> <span class='ocrx_word' id='word_1_483' title='bbox 1050 3043 1087 3082; x_wconf 87' lang='lat' dir='ltr'><strong>P,</strong></span> <span class='ocrx_word' id='word_1_484' title='bbox 1132 3048 1162 3075; x_wconf 81' lang='lat' dir='ltr'>et</span> <span class='ocrx_word' id='word_1_485' title='bbox 1179 3043 1209 3074; x_wconf 90' lang='lat' dir='ltr'>A</span> <span class='ocrx_word' id='word_1_486' title='bbox 1229 3042 1261 3073; x_wconf 87' lang='lat' dir='ltr'><strong>K</strong></span> <span class='ocrx_word' id='word_1_487' title='bbox 1280 3042 1322 3079; x_wconf 81' lang='lat' dir='ltr'><strong>D,</strong></span> <span class='ocrx_word' id='word_1_488' title='bbox 1347 3042 1384 3072; x_wconf 85' lang='lat' dir='ltr'>iis</span> <span class='ocrx_word' id='word_1_489' title='bbox 1398 3042 1529 3073; x_wconf 72' lang='lat' dir='ltr'>arcubus</span> <span class='ocrx_word' id='word_1_490' title='bbox 1544 3040 1716 3070; x_wconf 81' lang='lat' dir='ltr'>insistentes</span> <span class='ocrx_word' id='word_1_491' title='bbox 1741 3045 1772 3070; x_wconf 83' lang='lat' dir='ltr'>et</span> <span class='ocrx_word' id='word_1_492' title='bbox 1793 3036 1958 3080; x_wconf 74' lang='lat' dir='ltr'>oequnhum</span> 
     </span>
    </p>
   </div>
   <div class='ocr_carea' id='block_1_10' title="bbox 1268 2204 1803 2738">
    <p class='ocr_par' dir='ltr' id='par_1_14' title="bbox 1268 2204 1803 2738">
     <span class='ocr_line' id='line_1_49' title="bbox 1268 2204 1803 2738; baseline 0 804"><span class='ocrx_word' id='word_1_493' title='bbox 1268 2204 1803 2738; x_wconf 95' lang='lat' dir='ltr'> </span> 
     </span>
    </p>
   </div>
  </div>
 </body>
</html>
