2086 3542
251 234 303 273 76

646 231 1092 275 PHILOSOPHIAE
1123 232 1484 276 NATURALIS

1575 235 1722 286 [Mor.
1746 231 1946 280 conpos.

991 470 1194 512 scholium.

300 594 363 651 (b)
397 595 526 638 Casus
550 592 767 637 Corollarii
787 594 891 636 sexti
910 594 1067 636 obtinet
1086 595 1129 635 in
1148 595 1388 649 corporibus
1407 594 1651 647 coelestibus,
1675 599 1738 652 (ut
1757 611 1940 639 seorsum

242 667 493 724 collegerunt
512 667 634 708 etiam
652 673 851 707 nostrates
866 655 1094 715 Wrennus,
1136 665 1329 706 Hookius
1350 673 1392 706 et
1423 666 1628 719 Halleius)
1648 674 1691 708 et
1721 674 1942 722 propterea

240 752 332 793 quae
370 745 552 792 spectant
589 736 642 777 ad
675 737 758 776 vim
792 735 1057 789 centripetam
1091 734 1393 776 decrescentem
1445 735 1490 776 in
1530 735 1734 791 duplicata
1781 738 1940 780 ratione

238 808 519 849 distantiarum
539 823 563 848 a
583 806 744 856 centris,
767 805 928 846 decrevi
946 803 1073 846 fusius
1091 804 1135 844 in
1155 804 1416 860 sequentibus
1436 805 1657 859 eXponere.
1912 859 1914 862 Ι

297 878 429 919 Porro
447 877 714 932 praecedentis
732 875 1025 930 Propositionis
1045 883 1086 916 et
1103 875 1426 917 coronariorum
1445 877 1530 930 ejus
1543 876 1755 929 beneficio,
1777 878 1938 936 colligi-

237 956 304 989 tur
324 947 446 988 etiam
464 948 677 1002 proportio
697 947 755 988 vis
775 945 1012 1000 centripetae
1042 945 1095 986 ad
1114 946 1196 986 vim
1216 946 1439 1001 quamlibet
1457 954 1610 997 notam,
1644 948 1774 1003 qualis
1794 956 1857 991 est
1889 964 1937 990 ea

236 1018 456 1075 gravitatis.

516 1018 626 1058 Nam
645 1017 678 1057 si
698 1031 846 1071 corpus
866 1017 909 1056 in
943 1016 1095 1056 circulo
1128 1024 1250 1057 terrae
1284 1017 1544 1057 concentrico
1563 1017 1603 1057 vi
1621 1017 1829 1074 gravitatis
1847 1033 1935 1061 suae

235 1089 480 1138 revolvatur,
512 1087 602 1128 haec
621 1086 798 1143 gravitas
819 1093 881 1127 est
906 1085 1034 1140 ipsius
1067 1086 1127 1127 vis
1154 1086 1391 1141 centripeta.
1449 1087 1588 1128 Datur
1621 1095 1759 1129 autem
1777 1103 1831 1130 cx
1860 1088 1933 1131 de-

235 1172 380 1200 scensu
393 1157 593 1213 gravium,
617 1164 658 1197 et
677 1164 839 1211 tempus
859 1155 1123 1198 revolutionis
1143 1156 1276 1208 unius,
1294 1164 1335 1197 et
1346 1171 1463 1197 arcus
1483 1157 1580 1198 dato
1587 1158 1728 1213 quovis
1746 1166 1932 1214 tempore

233 1227 471 1281 descriptus,
518 1241 593 1281 per
630 1225 752 1281 hujus
799 1225 939 1267 Corol.
982 1226 1065 1268 IX.

229 1376 293 1406 quo
301 1376 411 1406 corpus
424 1366 454 1396 vi
478 1364 532 1396 illa
554 1364 719 1405 centripeta
743 1365 890 1396 continuo
914 1366 1058 1397 sollicita-

230 1415 299 1439 tum
312 1419 367 1447 per
391 1408 554 1438 dimidium
582 1408 704 1439 radium
726 1408 847 1438 caderet
862 1409 963 1450 (200).
1005 1409 1057 1440 Ex

229 1451 301 1481 data
315 1456 419 1481 autem
433 1451 463 1480 vi
477 1450 631 1491 gravitatis
645 1461 700 1481 seu
725 1460 762 1480 ex
777 1450 848 1481 dato
863 1452 959 1490 spatio
973 1451 1057 1491 quod

228 1503 320 1534 grave
345 1492 439 1523 libere
461 1493 606 1529 cadendo,
644 1493 715 1523 dato
750 1492 884 1533 quodam
918 1499 1055 1532 tempore

226 1535 385 1575 percurrit,
410 1535 564 1565 invenitur
598 1534 669 1577 (27)
699 1535 832 1574 spatium
867 1537 905 1566 ab
945 1536 1054 1566 eodem

225 1578 312 1619 gravi
325 1587 504 1616 percursum
520 1587 556 1607 co
570 1583 706 1616 tempore
720 1588 782 1617 quo
796 1587 906 1616 corpus
930 1577 961 1607 vi
982 1588 1052 1608 cen·

225 1620 336 1659 tripeta
350 1619 548 1650 sollicitatum
572 1630 627 1658 per
641 1619 803 1650 dimidium
817 1619 939 1649 radium
960 1620 1049 1656 cadit,

224 1663 279 1694 sed
293 1663 370 1692 vires
390 1662 612 1692 acceleratrices
627 1667 807 1697 constantes
832 1662 982 1693 rationem
996 1663 1051 1692 ha-

223 1707 298 1737 bent
321 1705 490 1744 spatiorum
517 1715 586 1744 quae
615 1704 686 1734 dato
714 1710 850 1743 tempore
877 1714 1051 1744 percurrere

222 1748 341 1778 faciunt
357 1746 427 1789 (50)
443 1752 488 1777 est
516 1756 590 1787 ergo
613 1747 658 1776 vis
671 1757 708 1777 ea
731 1746 897 1785 centripeta
924 1746 964 1776 ad
986 1747 1050 1777 vim

223 1789 386 1831 gravitatis,
409 1794 445 1819 ut
458 1788 604 1819 dimidius
614 1788 720 1819 circuli
735 1788 837 1818 radius
851 1788 888 1818 ad
915 1788 1047 1827 spatium

221 1832 256 1864 id
269 1831 353 1872 quod
366 1842 458 1872 grave
469 1837 656 1870 percurreret
667 1841 704 1862 eo
719 1836 854 1869 tempore
864 1840 927 1870 quo
937 1841 1048 1870 corpus

221 1874 252 1904 vi
266 1873 431 1912 centripeta
442 1873 637 1903 sollicitatum
648 1872 811 1903 dimidium
821 1872 912 1902 illum
925 1872 1047 1903 radium

220 1915 376 1958 percurrit.

265 1957 410 1996 Exempli
438 1957 537 1989 causa.
586 1957 706 1996 Corpus
736 1957 784 1994 M,
807 1967 864 1996 ope
892 1957 938 1987 fili
968 1957 1007 1988 M
1024 1958 1045 1988 S

221 2001 308 2032 clavo
322 2000 354 2030 in
372 2000 393 2031 S
418 2000 544 2040 alligati,
568 1999 647 2030 circa
661 2005 801 2030 centrum
818 1999 1045 2030 Suniformiter

220 2043 369 2074 describat
396 2042 546 2072 circulum
570 2042 609 2072 M
625 2042 658 2072 N
681 2043 714 2072 D
727 2042 767 2078 E,
789 2041 823 2071 in
848 2041 940 2080 plano
960 2042 1042 2072 hori-

220 2085 332 2116 zontali
346 2083 490 2124 positum,
513 2094 609 2124 eaque
637 2084 676 2114 sit
704 2083 836 2123 corporis
862 2084 1044 2114 revolventis

220 2127 438 2167 celeritasquae
459 2126 653 2166 acquiritura
673 2126 756 2167 gravi
770 2135 825 2165 per
849 2125 1044 2157 altitudinem

221 2171 261 2201 M
278 2171 307 2201 B
322 2169 459 2205 cadente,
482 2168 629 2208 quaeritur
651 2168 730 2199 ratio
755 2169 799 2198 vis
813 2168 987 2207 centripetae
1008 2168 1043 2198 in

219 2212 334 2243 circulo
361 2210 401 2241 ad
424 2211 487 2240 vim
557 2210 663 2241 vitatis.
711 2210 848 2249 Tempus
875 2220 937 2250 quo
950 2220 1043 2251 grave

219 2255 301 2285 cadit
321 2263 376 2292 per
389 2252 583 2283 altitudinem
598 2253 637 2283 M
654 2253 693 2288 B,
717 2252 837 2283 dicatur
853 2252 889 2287 T,
913 2258 945 2282 et
958 2252 1040 2282 velo-

218 2297 293 2327 citas
307 2297 340 2326 in
357 2296 385 2326 B
400 2294 555 2334 acquisita,
578 2294 640 2335 qufi
670 2296 723 2336 (ex
750 2294 840 2334 hyp.)
870 2304 980 2333 corpus
1002 2295 1042 2325 M

218 2339 324 2369 circuli
346 2337 547 2376 peripheriam
575 2337 770 2367 uniformiter
797 2336 947 2372 describit,
986 2337 1042 2367 erit

267 2431 296 2461 T

217 2479 337 2512 tempus
350 2471 538 2512 periodicum
553 2472 586 2502 in
598 2472 712 2503 circulo
726 2472 765 2504 sit
775 2471 890 2513 aequale
900 2472 1039 2511 periphe-

215 2540 268 2571 riae
282 2540 322 2571 ad
331 2540 522 2570 velocitatem
540 2519 559 2544 2
576 2516 614 2594 ξ
632 2517 660 2546 Β
676 2539 835 2580 applicatae
851 2540 901 2581 (5)
924 2539 981 2570 erit
1007 2539 1041 2570 id

581 2616 601 2645 P
619 2611 652 2644 Χ
672 2608 701 2638 Τ

353 2404 434 2446 (30),
457 2404 626 2443 peripheria
637 2404 742 2436 circuli
753 2403 870 2435 dicatur
880 2415 910 2443 p,
927 2410 958 2435 et
969 2414 1041 2435 cum

717 2644 724 2651 ·
751 2632 818 2673 jam
830 2630 903 2662 vero
927 2637 972 2662 est
985 2642 1038 2670 pe-

215 2639 338 2673 tempus
365 2632 553 2673 periodicum
579 2659 599 2685 2
615 2656 654 2686 Μ
671 2657 699 2686 Β
716 2656 725 2670 ,

214 2700 346 2739 ripheria
371 2700 411 2731 ad
424 2699 545 2730 radium
558 2697 648 2740 (200)
665 2705 701 2728 ut
715 2706 836 2738 tempus
850 2698 1039 2738 periodicum

214 2743 254 2772 ad
268 2749 389 2782 tempus
402 2752 464 2782 quo
478 2750 587 2780 corpus
600 2740 646 2776 M,
663 2741 728 2771 solii
740 2741 772 2771 vi
785 2740 951 2779 centripeta
965 2750 1038 2770 con-

214 2790 312 2815 stante
326 2785 532 2819 sollicitatum,
555 2781 718 2813 dimidium
742 2782 863 2813 radium
878 2783 917 2813 M
935 2783 955 2812 S
969 2793 1037 2821 per-

634 2826 755 2863 P><T

212 2850 315 2888 currit,
338 2851 399 2881 sive
423 2862 463 2891 p:
483 2850 754 2907 MS=2MB
783 2850 823 2881 ad
849 2855 1038 2890 tempusper

212 2942 374 2973 dimidium
401 2943 521 2973 radium
548 2943 631 2984 quod
668 2947 714 2975 est
755 2935 826 2974 ideo
846 2917 1034 2999 32?{WIXIBS.

163 2995 165 2998 .
217 3009 299 3041 Cum
311 3016 414 3041 autem
429 3020 520 3050 grave
544 3016 681 3050 tempore
696 3010 724 3042 T
738 3010 930 3043 altitudine-n
950 3011 987 3041 M
1005 3009 1032 3040 B

1125 1226 1182 1268 Et
1211 1226 1271 1281 (⁰)
1300 1226 1533 1282 hujusmodi
1582 1229 1929 1283 propositionibus

1100 1367 1140 1398 sit
1154 1377 1322 1406 emensum,
1348 1375 1380 1400 et
1393 1369 1427 1400 in
1451 1376 1539 1401 motu
1553 1371 1748 1402 uniformiter
1761 1373 1927 1406 accelerato

1099 1410 1195 1449 spatia
1203 1421 1346 1450 percursa
1359 1412 1421 1442 sint
1434 1418 1471 1442 ut
1495 1413 1643 1453 quadrata
1666 1419 1840 1454 temporum
1855 1418 1924 1456 qui..

1097 1478 1154 1508 bus
1163 1485 1383 1522 percurruntur
1394 1479 1464 1522 (27)
1477 1480 1535 1511 erit
1550 1481 1579 1512 T
1590 1482 1606 1499 ²
1620 1481 1660 1512 ad
1672 1457 1913 1538 Ἢὲ

1095 1547 1372 1578 seu4MB²ad
1397 1548 1504 1578 Μὸ1
1530 1554 1566 1578 ut
1590 1548 1821 1588 spatiumMB
1845 1556 1924 1583 tem-

1093 1598 1167 1626 pore
1184 1589 1212 1619 T
1226 1599 1406 1627 percursum
1428 1590 1470 1620 ad
1484 1591 1615 1629 spatium
1640 1601 1821 1630 percursum
1834 1599 1912 1624 tem-

1179 1631 1208 1660 T
1225 1635 1258 1668 ><
1279 1632 1318 1661 Μ
1335 1633 1356 1662 S
1661 1658 1668 1666 .
1765 1659 1773 1667 .
1830 1660 1841 1670 ⁴

1356 1678 1364 1693 ,
1376 1667 1439 1697 quo
1448 1667 1567 1697 corpus,
1580 1658 1627 1694 M,
1639 1668 1668 1688 vi
1677 1665 1844 1699 centripeta
1852 1671 1922 1700 per.

1209 1684 1230 1712 2
1250 1681 1289 1711 M
1306 1683 1334 1712 B

1091 1751 1185 1780 currit
1199 1749 1362 1780 dimidium
1370 1750 1503 1787 radium,
1516 1750 1600 1791 quod
1608 1750 1665 1781 erit
1674 1727 1920 1808 ΜἭὸἒΙχἜ-Βῌ

1087 1854 1134 1872 =
1148 1816 1272 1898 ἢ
1286 1848 1331 1873 est
1344 1842 1441 1884 igitur
1456 1843 1527 1886 (13)
1537 1844 1583 1874 vis
1597 1844 1765 1884 centripeta
1775 1845 1808 1875 in
1819 1846 1924 1899 circu-p

1496 1912 1574 1943 MS
1665 1912 1773 1943 Ms²

1520 1967 1542 1996 2
1660 1965 1784 1996 4MB

1092 1665 1166 1694 pore

1788 1960 1797 1974 ,
1809 1939 1871 1971 sive
1881 1939 1926 1972 ut'

1589 1938 1645 1975 ‚ad

1087 1935 1119 1965 lo
1131 1935 1170 1965 ad
1184 1935 1247 1966 vim
1260 1935 1416 1976 gravitatis
1429 1942 1466 1967 ut

1087 2007 1107 2034 2
1124 2004 1163 2034 Μ
1180 2003 1208 2034 Β
1223 2003 1263 2033 ad
1279 2004 1318 2034 M
1337 2004 1367 2034 S.
1697 2024 1699 2026 v
1862 2017 1864 2019 ·

1130 2047 1143 2087 (
1157 2046 1172 2066 b
1188 2045 1200 2084 )
1225 2049 1295 2076 203.
1323 2046 1375 2076 Ex
1390 2046 1648 2079 observationibus
1658 2049 1810 2091 colligunt
1820 2057 1930 2083 asum·

1085 2087 1171 2117 nomi
1185 2087 1321 2126 planetas
1335 2089 1538 2127 secundarios,
1561 2096 1597 2120 ut
1611 2097 1683 2122 sunt
1696 2092 1719 2124 J
1719 2092 1783 2123 ovis
1793 2093 1842 2124 vel
1859 2094 1918 2126 Sus

1085 2129 1168 2159 turni
1185 2131 1344 2168 Satellites,
1367 2131 1459 2161 radiis
1472 2131 1513 2162 ad
1525 2142 1618 2163 suum
1631 2134 1786 2172 planetam
1799 2135 1914 2174 primn-

1085 2172 1167 2202 rium
1181 2172 1289 2210 ductis,
1312 2183 1396 2203 areas
1410 2173 1577 2205 describere
1585 2176 1773 2215 temporibus
1785 2187 1913 2218 propor-

1084 2214 1221 2252 fionalae,
1258 2225 1425 2256 eorumque
1447 2222 1586 2256 tempora
1606 2218 1759 2257 periodica
1785 2229 1851 2251 esse
1876 2221 1912 2252 in

1084 2256 1201 2288 ratione
1215 2257 1426 2298 sesquiplicata
1434 2258 1647 2290 distantiarum
1660 2266 1791 2291 aeeutm
1804 2262 1910 2301 plane·-

1083 2304 1123 2328 tae
1140 2299 1294 2338 primarii;
1315 2300 1453 2339 planetas
1473 2300 1544 2332 vex-6
1571 2301 1729 2340 primm-ios
1750 2303 1842 2334 radiis
1869 2305 1911 2336 ad

1083 2342 1179 2371 solem
1201 2342 1309 2380 ductis,
1332 2353 1416 2373 areas
1437 2343 1604 2374 describere
1630 2344 1817 2383 temporibus
1837 2355 1910 2386 pro-

1083 2384 1275 2422 portionales,
1299 2395 1465 2425 eorumque
1478 2391 1616 2423 tempora
1629 2386 1782 2424 periodica
1797 2397 1862 2419 esse
1874 2389 1909 2420 in

1083 2427 1199 2456 ratione
1226 2426 1435 2467 sesquiplicatzi
1462 2426 1625 2457 radiorum.
1689 2429 1793 2464 Quare
1816 2440 1908 2462 rcasus

1087 2468 1246 2500 Corollarii
1263 2469 1322 2498 VI.
1347 2468 1381 2497 in
1404 2468 1580 2507 corporibus
1602 2470 1906 2511 coeloetibusobtinet,

1082 2510 1116 2540 id
1130 2516 1183 2547 est,
1203 2510 1396 2549 planetarum
1412 2510 1584 2541 velocitates
1606 2518 1678 2542 sunt
1699 2513 1851 2552 reciproce
1872 2515 1907 2546 in

1082 2552 1198 2582 ratione
1208 2551 1417 2590 subduplicaffi
1431 2552 1594 2590 radiorum,
1611 2555 1907 2596 etviresoenn-ipetae

1082 2600 1154 2624 sunt
1167 2593 1318 2632 reciproce
1332 2599 1368 2624 ut
1381 2594 1527 2634 quadrata
1533 2595 1698 2626 radiorum.

1126 2637 1139 2676 (
1154 2642 1167 2657 c
1184 2635 1196 2674 )
1221 2639 1291 2666 204.
1328 2636 1498 2676 Hugenius
1519 2637 1558 2667 ad
1572 2638 1687 2668 calcem
1707 2639 1852 2671 tractatus
1865 2640 1905 2672 de

1081 2677 1241 2718 horologio
1250 2677 1440 2715 oscillavorio,
1449 2678 1487 2709 de
1497 2679 1608 2710 viribus
1619 2681 1797 2722 centrifiigis
1805 2682 1838 2712 in
1846 2683 1905 2714 cir-

1081 2719 1152 2749 culo
1166 2730 1331 2762 earumque
1345 2730 1418 2750 cum
1431 2721 1461 2750 vi
1475 2721 1627 2762 gravitatis
1641 2723 1835 2762 proportione
1854 2729 1900 2756 13.

1084 2762 1284 2792 Tbeoremata
1295 2762 1359 2792 sine
1367 2762 1622 2794 demonstratione
1642 2765 1807 2804 proposuit.
1838 2767 1905 2798 Eo-

1080 2813 1151 2833 rum
1174 2804 1276 2844 aliqua
1299 2804 1331 2834 in
1349 2804 1521 2835 Corollariis
1538 2805 1662 2844 Propos.
1687 2808 1815 2848 hujusce
1839 2809 1900 2840 IV.

1080 2845 1298 2876 demonstravit
1324 2847 1514 2884 Nem-onus,
1530 2847 1671 2888 viamque
1694 2850 1821 2888 aperuit,
1852 2852 1905 2882 cui

1078 2886 1243 2918 insistendo
1271 2893 1379 2918 caetera
1400 2888 1504 2919 onmia
1530 2889 1612 2920 facili
1640 2892 1763 2931 negotio
1790 2893 1903 2924 absolvi

1078 2935 1214 2968 possunt,
1237 2930 1320 2978 quod
1341 2929 1446 2970 poste&
1458 2931 1651 2971 perfecerunt
1663 2934 1756 2965 multi
1768 2934 1903 2978 insignes

1052 2991 1055 2997 ι
1080 2972 1297 3005 Mathematici.
