2086 3542
130 257 279 301 erm
302 257 523 310 Pramus]

612 255 935 303 PRINCIPIA
964 252 1459 305 MATHEMATICA.

1755 256 1835 292 331

128 377 224 430 (per
245 375 387 417 Corol.
407 380 448 417 2.
468 374 596 430 Ptop.
618 374 715 427 IV.)
745 374 790 415 in
809 374 971 416 ratione
988 371 1215 428 composite
1246 387 1302 413 ex
1331 372 1492 414 ratione
1523 370 1701 426 simplici
1730 369 1839 412 radii

128 444 174 487 Τ
195 446 232 488 Ρ
250 445 407 488 directe
416 451 467 488 et
483 445 644 486 ratione
673 444 882 499 duplicata
912 443 1109 499 temporis
1138 442 1340 498 periodici
1351 470 1359 484 -,
1369 441 1556 484 inverse:
1587 449 1702 496 patet
1730 441 1840 483 hanc

129 517 332 559 rationem
352 516 623 572 compositam
641 515 816 558 diminui
833 530 910 570 per
929 516 1135 557 actionem
1152 515 1214 556 vis
1232 514 1276 556 K
1292 513 1357 564 L;
1386 513 1564 570 ideoque
1583 522 1746 568 tempus
1766 529 1839 568 pe-

129 588 344 638 riodicum,
366 588 401 629 si
419 595 586 629 maneat
603 587 717 629 orbis
737 586 877 629 radius
898 587 940 629 T
962 587 1012 638 P,
1033 575 1190 644 augeri,
1220 585 1347 642 idque
1377 585 1423 626 in
1457 584 1743 640 subduplicatfi
1774 600 1840 626 ra·
1887 632 1896 637 ᾗ

130 659 256 709 tione,
278 657 360 714 quii
379 658 440 700 vis
460 657 531 699 illa
551 657 780 714 centripeta
797 657 1066 699 diminuitur:
1098 665 1301 712 auctoque
1319 655 1417 697 ideo
1434 655 1501 697 vel
1527 654 1732 697 diminuto
1760 653 1841 695 hoc

129 730 260 781 radio,
281 739 444 786 tempus
463 730 722 785 periodicum
741 730 885 786 augeri
903 730 1050 786 magis,
1070 729 1136 770 vel
1156 727 1330 770 diminui
1348 727 1485 768 minus
1506 740 1630 781 quam
1660 726 1705 766 in
1736 726 1842 766 radii

130 800 253 856 hujus
273 801 433 843 ratione
454 799 753 857 sesquiplicatfi,
777 806 870 856 (per
892 800 1033 842 Corol.
1053 799 1131 841 VI.
1153 799 1279 854 Prop.
1298 797 1393 849 IV.)
1426 797 1472 839 Si
1484 796 1546 838 w's
1567 796 1638 837 illa
1656 797 1841 851 corporis

130 871 321 914 centralis
341 871 539 926 paulatim
557 870 854 927 languesceret,
886 881 1038 924 corpus
1059 869 1096 910 P
1115 869 1251 909 minus
1282 881 1445 922 semper
1469 874 1512 908 et
1529 866 1667 907 minus
1688 874 1839 908 attrac-

130 952 220 984 tum
237 941 441 997 perpetuo
459 941 672 984 recederet
689 941 854 998 longius
874 955 900 981 a
918 948 1065 981 centro
1087 940 1154 989 T;
1185 947 1227 980 et
1245 946 1401 988 contra,
1424 938 1457 978 si
1476 938 1537 979 vis
1568 937 1639 979 illa
1669 954 1840 995 augere-

130 1025 212 1066 tur,
240 1015 454 1056 accederet
471 1015 658 1070 propius.
721 1013 838 1070 Ergo
858 1013 891 1054 si
910 1013 1017 1054 actio
1037 1011 1222 1066 corporis
1250 1010 1533 1068 longinqui-S,
1567 1010 1647 1067 quii
1679 1011 1740 1053 vis
1770 1011 1842 1053 illa

130 1088 386 1138 diminuitur,
418 1089 464 1143 (⁸)
494 1095 694 1143 augeatur
712 1101 762 1128 ac
781 1085 1034 1127 diminuatur
1052 1099 1129 1140 per
1148 1084 1279 1125 vices:
1310 1083 1529 1140 augebitur
1558 1083 1681 1124 simul
1709 1098 1759 1125 ac
1777 1084 1841 1125 di-

130 1161 339 1204 minuetur
357 1161 496 1202 radius
517 1161 558 1202 T
581 1160 616 1202 P
634 1174 711 1215 per
729 1159 837 1202 vices
849 1175 861 1209 3
906 1165 949 1201 et
978 1158 1024 1213 (t)
1055 1165 1218 1212 tempus
1248 1155 1505 1211 periodicum
1539 1155 1759 1212 augebitur
1792 1171 1842 1198 ac

128 1296 130 1299 ’
172 1294 216 1336 (“)
240 1295 257 1313 ⁸
283 1295 443 1334 Augeatur
453 1305 488 1325 ac
499 1294 690 1325 diminuatur
698 1292 847 1333 pervices.
876 1291 966 1329 Quo-

131 1336 218 1367 niam
231 1336 276 1366 vis
289 1337 352 1376 qua
367 1347 478 1375 corpus
495 1335 523 1366 P
538 1335 668 1366 trahitur
682 1337 700 1366 'a
715 1345 841 1374 corpore
858 1335 896 1371 T,
920 1340 967 1364 est

127 1378 270 1420 ejusdem
284 1379 419 1418 corporis
436 1379 464 1409 P
478 1379 524 1408 vis
537 1379 707 1417 centripeta
728 1377 792 1418 qua
813 1378 846 1407 in
867 1376 966 1407 orbiti:

129 1422 187 1451 suii
202 1421 371 1458 retinetur3
394 1421 420 1451 si
434 1420 588 1451 remissior
600 1420 696 1451 fuerit
709 1420 754 1450 vis
768 1419 831 1456 illa,
853 1430 966 1458 corpus

133 1463 163 1494 P
178 1464 282 1493 minus
296 1469 460 1494 attractum
484 1474 503 1494 a
528 1469 634 1493 centro
650 1464 680 1493 T
694 1463 819 1503 longius
842 1462 966 1492 recede-

130 1512 199 1543 ret;
222 1511 254 1536 et
267 1504 381 1542 contra,
398 1506 424 1536 si
438 1512 589 1546 augeatur
602 1506 648 1535 vis
670 1505 732 1540 illa,
757 1515 868 1544 corpus
885 1504 913 1534 P
926 1503 968 1534 ad

132 1548 163 1579 T
170 1546 296 1587 propius
307 1548 439 1578 accedet.
474 1547 578 1578 Aucta
591 1547 688 1588 igitur
701 1547 819 1579 actione
833 1546 968 1585 corporis

131 1590 155 1621 S
168 1590 202 1620 in
219 1590 248 1620 T
263 1600 317 1628 per
339 1600 497 1621 accessum
517 1590 652 1629 corporis
668 1590 698 1620 T
712 1590 753 1620 ad
778 1590 810 1626 S,
834 1595 968 1630 augetur

129 1633 176 1662 vis
193 1633 223 1662 N
241 1633 280 1662 M
306 1632 519 1672 minuiturque
534 1632 580 1662 vis
593 1632 761 1672 centripeta
774 1633 909 1670 corporis
926 1631 965 1668 P,

129 1685 166 1705 ac
180 1673 310 1714 proinde
329 1675 437 1705 crescit
458 1674 603 1705 distantia
619 1675 648 1705 P
664 1675 702 1705 T.
732 1675 765 1706 E
782 1673 888 1705 contr&
910 1684 967 1704 au-

128 1722 194 1748 tem
208 1716 403 1747 decrescente
417 1717 552 1756 corporis
570 1718 591 1747 S
605 1717 726 1747 actione
740 1727 796 1755 per
809 1726 964 1746 recessum

128 1759 263 1799 corporis
278 1760 308 1790 T
322 1761 361 1790 ab
379 1760 400 1790 S
415 1759 562 1790 decrescit
575 1769 698 1800 quoque
718 1759 753 1789 N
769 1759 807 1789 M
823 1764 854 1789 et
867 1769 963 1799 auge-

128 1807 182 1832 tur
194 1802 330 1841 corporis
345 1802 374 1832 P
387 1802 434 1832 vis
455 1801 629 1840 centripeta,
655 1802 818 1841 minorque
842 1801 879 1831 fit
900 1801 961 1831 dis-

129 1844 226 1875 tantia
241 1845 268 1874 P
286 1845 324 1875 T.
374 1844 456 1875 Haec
471 1845 576 1875 omnia
588 1854 644 1883 per
667 1844 748 1874 vices
772 1843 963 1883 contingent,

128 1886 185 1917 ubi
199 1885 310 1926 nempe
324 1896 436 1926 corpus
451 1887 481 1917 T
495 1887 614 1925 corpori
631 1887 653 1917 S
668 1886 836 1925 proximius
857 1886 962 1922 suerit,

128 1929 293 1970 augebitur
306 1929 411 1959 radius
428 1930 456 1960 P
472 1929 511 1964 T,
526 1929 582 1960 ubi
596 1927 668 1959 vero
686 1929 836 1959 remotius
856 1927 965 1958 evadet

128 1972 288 2002 minuetur
300 1971 414 2001 radius.

173 2013 217 2055 (⁸)
242 2015 259 2033 ⁸
284 2015 329 2045 Et
344 2020 462 2054 tempus
473 2015 659 2054 mriodoeum
680 2015 841 2053 augebitur
860 2024 897 2043 nc
917 2014 965 2043 ‹15-

128 2058 297 2093 minuetur,
313 2057 370 2086 ἃς.
419 2057 540 2096 Corpus
556 2057 585 2087 P
600 2056 680 2086 circs
696 2057 735 2091 T,
758 2054 882 2086 exclusi
897 2064 964 2084 cor-

128 2098 212 2138 poris
225 2099 388 2139 longinqui
405 2099 428 2129 S
442 2099 471 2128 vi
486 2098 632 2134 ablatiaeifi,
653 2099 687 2128 in
702 2098 818 2128 circulo
836 2098 865 2128 P
882 2098 911 2127 A
930 2097 964 2127 D

128 2141 313 2178 revolvatur,
329 2147 360 2171 et
373 2141 537 2171 accedente
551 2141 580 2171 vi
595 2140 648 2170 illa
669 2140 807 2171 ablatitia
829 2139 965 2179 corporis

132 2184 156 2214 S
168 2194 248 2224 quae,
272 2185 312 2214 ob
326 2183 485 2224 ingentem
499 2184 674 2213 distantiam
693 2184 715 2213 S
731 2183 770 2219 T,
794 2193 887 2222 parva
909 2181 964 2211 ad.

129 2226 261 2256 modum
275 2226 315 2256 sit
329 2233 468 2265 respectu
483 2226 528 2256 vis
542 2226 604 2266 quzi
619 2235 730 2264 corpus
747 2226 775 2255 P
796 2235 815 2254 a
837 2234 965 2263 corpore

131 2269 162 2299 T
174 2269 315 2306 trahitur,
331 2268 414 2298 idem
428 2278 540 2308 corpus
557 2269 585 2299 P
599 2269 632 2298 in
646 2269 719 2298 orbe
740 2266 805 2298 fere
825 2266 966 2297 circulari

129 2311 230 2342 adhuc
243 2311 425 2341 revolvetur.
471 2311 546 2343 Jam
560 2309 633 2341 vero
656 2310 791 2349 corporis
812 2309 965 2339 circulum

129 2353 178 2384 vel
193 2355 300 2384 orbem
313 2353 429 2384 circulo
443 2353 612 2384 finitimum
627 2352 824 2383 describentis
845 2352 891 2381 vis
912 2361 963 2381 ac-

129 2396 290 2426 celerauix
303 2406 408 2426 versus
424 2397 454 2427 T
469 2395 585 2426 directa
598 2402 644 2426 est
658 2405 778 2434 semper
800 2396 869 2435 (per
886 2394 959 2424 Cor.

129 2442 160 2470 2.
190 2439 283 2478 Prop.
311 2438 362 2478 4.)
390 2439 424 2468 in
448 2438 567 2469 ratione
589 2437 758 2477 composita
782 2447 820 2467 ex
845 2436 963 2466 ratione

129 2481 263 2521 simplici
283 2481 361 2511 radii
377 2481 407 2512 T
423 2481 452 2511 P
465 2481 519 2522 qui
535 2481 661 2512 ‘dicatur
677 2481 709 2511 R
723 2478 838 2510 directe
861 2486 892 2509 et
913 2489 962 2509 ra.-

129 2523 214 2554 tione
227 2523 387 2562 duplicatae'i
399 2524 546 2562 temporis
559 2523 715 2563 periodici,
738 2522 822 2563 quod
845 2521 966 2551 dicatur

129 2571 145 2596 t
157 2565 287 2603 inverse,
302 2566 362 2596 hoc
376 2572 431 2603 est,
447 2566 493 2596 vis
506 2565 700 2596 accelerati-ix
711 2564 846 2605 corporis
859 2564 888 2595 P
898 2573 965 2594 ver-

364 2608 395 2638 R
688 2633 696 2640 .
801 2610 814 2637 1
940 2631 949 2638 .

131 2643 184 2664 sus
199 2634 238 2671 T,
253 2639 413 2692 tamt—²,
429 2639 618 2665 etmanente
631 2633 718 2664 radio
732 2639 769 2663 ut
784 2644 846 2690 {7³
861 2630 965 2663 sedus

131 2702 323 2734 accelerata-ix
339 2703 373 2733 in
387 2702 531 2734 distanti&
546 2702 618 2734 data
632 2708 678 2733 est
697 2707 734 2732 ut
754 2702 800 2732 vis
823 2700 965 2733 absoluta

132 2745 267 2784 corporis
287 2746 443 2783 trahentis,
468 2744 544 2786 ergo
565 2746 592 2776 si
617 2744 752 2784 corporis
767 2745 797 2776 T
818 2743 966 2775 trahentis

131 2814 178 2844 vis
191 2812 331 2844 absoluta
343 2813 464 2845 dicatur
478 2814 517 2850 V,
534 2813 591 2845 erit
606 2813 639 2844 V
652 2819 689 2844 ut
702 2790 745 2870 5¹3
759 2818 792 2843 et
803 2818 818 2844 t
830 2814 847 2831 ²
861 2817 898 2843 ut
909 2789 965 2869 3¹75

262 2885 348 2974 μιν
361 2908 604 2940 manenteradio
619 2909 649 2939 T
666 2907 695 2939 P
708 2918 764 2939 seu
782 2908 823 2939 R.
866 2905 965 2938 Porro

133 2977 180 3007 vis
193 2975 387 3007 acceleratrix
409 2975 472 3016 quii
491 2987 601 3016 corpus
618 2977 647 3007 P
660 2986 765 3007 versus
781 2976 811 3006 T
825 2975 964 3011 trahitur,

134 3019 258 3050 exclusi
273 3019 303 3048 vi
317 3018 452 3049 ablatitjfi
474 3020 608 3057 corporis
624 3020 656 3055 S,
681 3025 728 3049 est
751 3017 904 3057 reciproce
930 3023 966 3047 ut

133 3061 320 3103 quadratum
343 3061 497 3092 distantiae
523 3062 553 3092 T
577 3061 614 3099 P,
640 3062 699 3092 hoc
724 3067 769 3092 cst
794 3058 908 3091 directe
930 3065 966 3090 ut

133 2919 170 2940 80
183 2914 247 2939 tut

1011 1293 1074 1374 ῖέἶ
1091 1317 1144 1359 (ex
1158 1315 1250 1356 hyp.)
1295 1314 1342 1346 Et
1361 1312 1509 1355 quomam
1523 1311 1570 1343 vis
1582 1311 1720 1344 ablatitia
1733 1322 1840 1353 corpo-

1007 1386 1050 1416 ris
1067 1386 1098 1421 S,
1114 1384 1228 1425 exigua
1241 1382 1411 1414 admodum
1422 1387 1468 1412 est
1482 1387 1621 1420 respectu
1635 1381 1681 1410 vis
1694 1380 1842 1411 accelera-

1007 1428 1090 1458 tricis
1104 1426 1164 1467 quii
1182 1436 1292 1465 corpus
1316 1425 1345 1455 P
1366 1435 1385 1455 a
1407 1433 1533 1462 corpore
1549 1424 1579 1454 T
1593 1423 1731 1460 trahitur,
1754 1433 1843 1461 ncce-

1009 1470 1102 1501 dente
1116 1469 1147 1499 vi
1161 1468 1214 1499 illa
1231 1466 1378 1504 ablatitifi,
1393 1467 1439 1497 vis
1454 1465 1573 1506 reliqua
1593 1465 1787 1496 acceleranix
1809 1465 1842 1495 in

1009 1548 1136 1578 corpore
1164 1536 1193 1568 P
1216 1536 1274 1568 erit
1298 1535 1402 1567 adhuc
1425 1541 1463 1565 ut
1486 1512 1550 1591 ἐ-Ζ-
1569 1543 1664 1576 quam
1682 1532 1842 1573 proxim&

1010 1617 1105 1647 quare
1120 1604 1227 1637 eadem
1241 1609 1387 1635 manente
1400 1602 1519 1643 reliquii
1531 1602 1561 1632 vi
1576 1601 1742 1641 centripeu'i
1756 1603 1844 1632 abso-

1009 1648 1078 1680 luta
1092 1648 1226 1688 corporis
1250 1647 1279 1678 T
1305 1653 1337 1677 et
1359 1651 1480 1676 mutato
1503 1651 1674 1684 utcumque
1698 1644 1784 1674 radio
1801 1645 1843 1682 R,

1009 1691 1195 1732 quadratum
1209 1689 1354 1729 temporis
1368 1687 1514 1728 periodici
1528 1694 1542 1718 t
1555 1689 1571 1706 ²
1594 1687 1652 1717 erit
1672 1692 1709 1716 ut
1731 1686 1844 1717 distan-

1006 1735 1060 1764 tiae
1074 1736 1173 1765 cubus
1190 1734 1222 1763 R
1233 1734 1257 1762 ³.
1276 1742 1312 1762 ac
1325 1729 1454 1770 proinde
1469 1737 1483 1760 t
1496 1738 1532 1761 ut
1548 1731 1591 1771 §l
1610 1730 1641 1759 R
1655 1730 1679 1759 ³.
1703 1730 1772 1770 (per
1783 1729 1845 1759 Co-

1006 1776 1063 1807 rol.
1084 1781 1114 1806 6.
1141 1776 1234 1814 Prop.
1253 1777 1302 1814 4.)
1325 1775 1384 1804 hoc
1399 1779 1445 1803 est
1459 1780 1581 1812 tempus
1595 1771 1785 1811 periodicum
1800 1778 1846 1802 est

1006 1819 1041 1848 in
1067 1816 1281 1858 sesquiplimtii
1302 1816 1421 1846 ratione
1446 1815 1524 1845 radii
1550 1815 1580 1846 T
1606 1814 1643 1846 P,
1692 1813 1724 1844 Si
1749 1813 1846 1854 igitur

1007 1871 1110 1902 neque
1124 1865 1247 1890 maneat
1261 1859 1365 1889 radius
1379 1857 1473 1892 iden,
1486 1868 1587 1897 neque
1598 1856 1704 1886 eadem
1716 1856 1762 1885 vis
1773 1867 1846 1886 cen-

1006 1903 1118 1942 tripeta
1132 1902 1272 1933 absoluta
1286 1901 1320 1930 in
1335 1910 1462 1938 corpore
1478 1900 1516 1935 T,
1541 1899 1595 1930 sed
1618 1908 1672 1937 per
1692 1898 1846 1929 actionem

1007 1946 1145 1986 corporis
1159 1943 1323 1985 longinqui
1339 1943 1361 1972 S
1375 1941 1481 1972 radius
1495 1947 1654 1982 augeatur,
1671 1946 1702 1970 et
1715 1941 1844 1971 viscen-

1008 1988 1119 2028 tripeta
1146 1987 1314 2020 minuatur,
1345 1991 1399 2015 aut
1428 1994 1483 2025 per
1511 1983 1750 2015 diminutionem
1778 1984 1846 2025 ejus

1009 2030 1136 2060 actionis
1150 2029 1255 2059 radius
1268 2028 1438 2064 minuatur,
1461 2033 1493 2058 et
1505 2028 1552 2058 vis
1567 2027 1734 2065 centripeta
1747 2037 1844 2068 auge-

1009 2079 1088 2110 atur,
1101 2072 1285 2114 quadratum
1301 2070 1447 2111 temporis
1461 2070 1607 2109 periodici
1621 2075 1635 2100 t
1645 2071 1660 2088 ²
1677 2069 1734 2098 erit
1748 2069 1780 2098 in
1795 2080 1844 2100 ra-

1009 2115 1094 2145 tione
1108 2114 1278 2154 compositi
1291 2123 1329 2143 ex
1343 2113 1424 2143 binis
1439 2112 1608 2143 rationibus
1621 2110 1715 2151 supr&
1735 2111 1844 2142 inven-

1007 2183 1059 2220 tis,
1075 2182 1221 2212 nimirum
1236 2191 1275 2212 ex
1288 2180 1406 2212 ratione
1419 2157 1471 2236 317,
1496 2185 1528 2210 et
1549 2179 1668 2210 ratione
1693 2179 1724 2210 R
1739 2181 1764 2216 ³,
1786 2180 1844 2210 hoc

1704 2246 1764 2275 R³

1011 2282 1057 2307 est
1070 2283 1084 2307 t
1097 2277 1112 2295 ²
1129 2275 1187 2306 erit
1206 2281 1244 2306 ut
1270 2249 1343 2331 113³,
1359 2280 1390 2305 et
1405 2272 1543 2314 'proinde
1561 2278 1576 2304 t
1589 2278 1626 2303 ut
1640 2274 1684 2314 γ
1702 2290 1774 2327 -Τ,
1789 2281 1844 2306 aut

1009 2343 1094 2384 quod
1109 2343 1192 2374 idem
1206 2349 1259 2377 ost,
1275 2349 1399 2380 tempus
1412 2342 1602 2382 periodicum
1623 2340 1788 2381 augebitur
1807 2353 1843 2374 ac

1010 2386 1201 2417 diminuetur
1228 2386 1261 2416 in
1290 2386 1408 2415 ratione
1445 2384 1615 2423 composita
1650 2393 1689 2413 ex
1724 2384 1844 2416 ratione

1010 2456 1052 2496 γ
1072 2455 1103 2485 R
1121 2458 1147 2493 ³,
1166 2452 1380 2494 sesquipucata
1393 2452 1481 2489 radii,
1497 2457 1528 2482 et
1540 2451 1659 2482 ratione
1671 2429 1757 2519 jv
1769 2454 1842 2485 sub.

1009 2521 1167 2561 duplicat&
1179 2521 1274 2562 hujus
1287 2520 1349 2561 quii
1373 2520 1418 2550 vis
1439 2519 1494 2550 illa
1517 2519 1686 2559 centripeta
1709 2522 1844 2560 corporis

1009 2564 1154 2595 centralis
1170 2564 1199 2594 T
1213 2574 1268 2602 per
1286 2563 1512 2600 incrementum
1538 2563 1588 2592 vel
1612 2562 1842 2594 decrementum

1010 2607 1140 2638 actionis
1153 2607 1287 2645 corporis
1301 2605 1463 2646 longinqui
1481 2605 1503 2636 S
1517 2604 1703 2636 diminuitur
1715 2605 1764 2636 vel
1784 2617 1841 2637 au-

1008 2682 1101 2718 getur
1109 2688 1120 2713 3
1141 2684 1215 2705 nam
1236 2674 1429 2706 decrescente
1444 2673 1476 2704 V
1490 2672 1598 2703 crescit
1619 2673 1732 2712 pariter
1745 2651 1800 2731 -ἐ,
1811 2680 1843 2706 et

1010 2745 1118 2776 contra
1143 2749 1296 2775 crescente
1311 2743 1343 2774 V
1363 2742 1397 2773 in
1420 2741 1528 2773 eidem
1553 2741 1672 2773 ratione
1696 2742 1844 2774 decrescit

1022 2791 1036 2818 l

1051 2892 1125 2920 502.
1158 2889 1318 2919 Scholium.
1366 2886 1455 2918 Hinc
1480 2892 1516 2917 ut
1542 2885 1646 2917 David
1675 2885 1844 2927 Gregorius

1007 2931 1043 2961 in
1064 2930 1180 2960 scholio
1204 2929 1245 2960 ad
1272 2929 1365 2969 Prop.
1386 2932 1434 2960 17.
1464 2929 1536 2960 Lib.
1555 2933 1585 2959 4.
1635 2929 1842 2960 Astronomiae

1009 2973 1144 3013 physicae
1159 2979 1190 3002 et
1203 2973 1397 3013 geometricae
1417 2971 1596 3008 observavit,
1619 2971 1645 3002 si
1666 2971 1711 3002 vis
1731 2972 1843 3002 centri-

1007 3023 1080 3056 peta
1094 3016 1230 3054 corporis
1243 3014 1385 3045 centralis
1401 3014 1430 3044 T
1443 3013 1571 3045 aliunde
1587 3024 1682 3054 quam
1703 3024 1758 3053 per
1778 3014 1840 3044 vim

1007 3064 1185 3089 extraneam
1199 3057 1334 3097 corporis
1349 3057 1371 3088 S
1385 3063 1536 3098 augeatur
1556 3063 1588 3088 et
1609 3056 1768 3088 minuatur
1787 3066 1842 3096 per
