2086 3542
181 1670 186 1675 ·
254 1646 320 1688 vel
339 1645 636 1701 impedimento
657 1644 800 1701 quovis
820 1643 1066 1699 politissimo
1099 1652 1141 1685 et
1172 1644 1354 1699 perfecte
1384 1645 1546 1688 lubrico

254 267 342 305 242
665 255 1116 305 PHILOSOPHIAE
1147 262 1509 307 NATURALIS
1595 264 1739 317 [Μοτ.
1761 241 1962 310 Comma.

249 375 506 431 temporibus
526 374 644 416 factae
661 373 713 429 (si
733 381 946 415 sumantur
964 373 1167 414 linearum
1186 373 1440 415 nascentium
1471 374 1516 416 D
1538 374 1589 425 E,
1614 375 1635 416 I
1657 375 1712 425 N,
1737 375 1758 416 I
1782 375 1837 426 K,
1862 377 1883 418 Ι
1905 377 1959 429 T,

252 448 294 489 N
316 447 357 488 T
377 446 555 488 rationes
574 445 736 501 primae)
768 452 864 487 sunt
891 451 938 485 ut
969 443 1089 485 lineae
1119 444 1164 485 D
1187 443 1238 494 E,
1262 444 1284 485 I
1305 444 1372 485 T:
1404 440 1659 498 temporibus
1692 453 1830 487 autem
1860 447 1962 488 inae-

248 517 437 575 qualibus
457 526 504 559 ut
523 517 644 558 lineae
674 516 756 557 illae
777 523 819 557 et
847 523 1036 570 tempora
1069 513 1332 569 conjunctim.
1393 514 1605 569 Tempora
1636 523 1773 557 autem
1810 517 1960 573 quibus

249 589 293 631 D
316 589 354 630 E
374 596 415 630 et
435 588 458 630 I
480 587 522 629 K
556 586 856 635 describuntur,
888 584 943 625 ob
973 584 1250 639 aequalitatem
1278 583 1543 625 velocitatum

249 667 345 701 sunt
363 666 411 700 ut
443 658 521 699 viae
560 656 779 710 descriptae
806 654 851 696 D
873 653 912 695 E
932 662 974 695 et
995 653 1016 694 I
1040 653 1095 703 K,
1129 652 1305 708 ideoque
1338 652 1540 694 accelera-

251 729 396 779 tiones,
418 728 462 769 in
483 741 603 768 cursu
624 738 846 779 corporum
874 737 951 778 per
977 722 1106 763 lineas
1136 722 1181 763 D
1203 722 1242 763 E
1262 730 1303 764 et
1324 721 1345 764 I
1368 722 1424 774 Κ,
1446 732 1542 766 sunt

249 807 297 842 ut
317 800 360 842 D
382 799 420 842 E
441 806 482 840 et
502 798 524 840 I
546 797 600 848 T,
623 797 667 838 D
685 796 722 837 E
743 803 784 837 et
804 795 826 837 I
850 794 891 836 K
912 793 1176 849 conjunctim,
1206 793 1252 834 id
1277 801 1340 836 est
1372 802 1419 835 ut
1437 795 1482 836 D
1504 796 1545 839 E

248 870 373 927 quad.
393 876 436 911 et
455 868 477 910 I
500 868 541 910 T
573 876 606 909 Χ
639 866 661 908 Ι
694 866 736 907 K
767 864 1067 921 rectangulum.
1128 863 1172 919 (¹)
1206 864 1290 907 Sed
1323 873 1541 923 rectan-gu-

251 940 337 982 lum
367 939 389 981 I
420 939 462 981 T
493 947 528 981 Χ
559 938 581 979 Ι
619 937 661 980 Κ
695 935 854 992 aequale
889 943 951 977 est
982 935 1004 976 I
1026 935 1069 976 N
1100 934 1315 991 quadrato,
1353 934 1434 977 hoc
1466 944 1541 988 est,

252 1010 410 1067 aequale
429 1009 474 1052 D
497 1008 535 1050 E
559 1007 682 1064 quad.
703 1016 746 1048 et
773 1013 994 1062 propterea
1013 1004 1333 1060 accelerationes
1357 1005 1401 1046 in
1429 1013 1542 1048 tran-

251 1082 332 1124 situ
352 1093 574 1135 corporum
595 1093 620 1119 a
639 1078 683 1120 D
700 1085 741 1118 et
762 1077 784 1119 1
805 1076 859 1118 ad
879 1076 916 1117 E
937 1083 979 1117 et
999 1075 1042 1116 K
1073 1074 1251 1131 aequales
1279 1085 1543 1132 generantur.
1620 1076 1668 1125 Τ

251 1150 452 1207 AEquales
475 1149 602 1206 igitur
632 1155 728 1190 sunt
761 1160 983 1201 corporum
1017 1143 1251 1187 velocitates
1278 1146 1322 1187 in
1354 1145 1392 1187 E
1412 1138 1453 1189 et
1474 1147 1543 1190 K:
1582 1137 1636 1185 K

252 1230 294 1265 et
314 1221 460 1263 eodem
480 1227 725 1277 argumento
746 1232 909 1273 semper
928 1216 1187 1271 reperientur
1199 1217 1376 1272 aequales
1390 1217 1432 1258 in
1449 1219 1545 1260 sub-

253 1291 517 1348 sequentibus
537 1289 765 1346 aequalibus
785 1286 1002 1329 distantiis.
1064 1285 1120 1335 Q.
1141 1284 1184 1327 e}
1199 1285 1241 1327 d.
1288 1278 1290 1280 ¹

314 1363 398 1406 Sed
418 1371 459 1404 et
489 1362 550 1418 (¹¹¹)
583 1360 731 1403 eodem
751 1367 995 1417 argumento
1016 1373 1191 1413 corpora
1210 1359 1476 1415 aequivelocia
1504 1369 1546 1403 et

255 1435 468 1490 aequaliter
487 1449 512 1475 a
532 1440 675 1474 centro
695 1431 900 1481 distantia,
922 1422 1162 1472 in'ascensu
1182 1430 1234 1472 ad
1253 1433 1435 1488 aequales
1464 1433 1545 1475 dis·
1591 1449 1626 1491 k

253 1506 404 1546 tantias
425 1503 638 1561 aequaliter
658 1501 990 1544 retardabuntur.
1052 1501 1108 1550 Q.
1130 1516 1166 1542 e.
1188 1501 1230 1543 d.

313 1576 443 1617 Corol.
480 1580 516 1616 1.
550 1573 667 1614 Hinc
686 1572 721 1615 si
740 1586 889 1627 corpus
902 1571 968 1613 vel
988 1571 1197 1613 oscilletur
1211 1572 1398 1627 pendens
1418 1589 1443 1615 a
1457 1573 1543 1626 filo,

254 1725 426 1775 cogatur
445 1717 489 1758 in
507 1715 616 1758 linea
638 1715 763 1757 curva
783 1715 953 1765 moveri,
976 1723 1017 1756 et
1036 1729 1185 1769 corpus
1206 1715 1319 1757 aliud
1337 1716 1448 1758 recta
1468 1716 1662 1760 ascendat
1689 1717 1756 1760 vel
1786 1717 1957 1760 descen-

254 1788 339 1838 dat,
363 1788 525 1843 sintque
545 1786 780 1829 velocitates
801 1800 943 1827 eorum
973 1785 1017 1825 in
1051 1784 1195 1826 eadem
1230 1786 1474 1843 quacunque
1508 1788 1723 1830 altitudine
1753 1789 1956 1845 oequales:

255 1866 381 1900 erunt
418 1858 653 1899 velocitates
688 1871 831 1898 eorum
862 1856 906 1896 in
941 1855 1030 1896 aliis
1069 1855 1381 1913 quibuscunque
1415 1858 1641 1914 aequalibus
1676 1859 1957 1902 altitudinibus

257 1927 456 1984 aequaleS.-
517 1927 708 1982 Namque
729 1925 911 1980 corporis
930 1925 1101 1980 penduli
1121 1925 1193 1967 filo
1212 1926 1278 1967 vel
1309 1929 1357 1981 (¹²)
1388 1927 1683 1982 impedimento
1711 1929 1817 1972 vasis
1837 1930 1957 1972 abso-

255 1997 341 2040 lute
362 1998 510 2039 lubrici
538 1997 649 2038 idem
677 2004 897 2051 praestatur
927 1996 1040 2051 quod
1073 1996 1114 2037 vi
1147 1996 1376 2038 transversa
1412 1998 1455 2039 N
1476 1998 1528 2040 T.
1591 1999 1754 2055 Corpus
1788 2015 1839 2042 eo
1871 2015 1957 2043 non

255 2069 498 2121 retardatur,
519 2083 605 2110 non
625 2067 888 2118 acceleratur,
912 2067 985 2108 sed
1004 2074 1164 2108 tantum
1184 2067 1345 2124 cogitur
1364 2067 1416 2109 de
1437 2083 1559 2111 cursu
1589 2070 1799 2112 rectilineo
1828 2070 1957 2113 disce-

250 2140 364 2183 dere.
1931 2181 1939 2189 .

312 2212 443 2254 Coroz.
480 2218 519 2254 2.
555 2212 672 2254 Hinc
693 2213 814 2255 etiam
837 2213 869 2254 si
890 2213 1093 2269 quantitas
1116 2212 1152 2255 P
1172 2213 1224 2255 sit
1242 2213 1424 2256 maxima
1442 2229 1467 2256 a
1487 2222 1630 2257 centro
1663 2215 1867 2267 distantia,
1903 2215 1957 2258 ad

251 2297 377 2337 quam
398 2297 547 2338 corpus
567 2283 633 2324 vel
654 2284 844 2325 oscillans
864 2283 930 2325 vel
959 2284 1003 2325 in
1031 2283 1261 2340 trajectoria
1292 2284 1535 2342 quacunque
1564 2285 1789 2337 revolvens,
1821 2286 1955 2342 deque

251 2353 398 2408 quovis
419 2353 663 2408 trajectoriae
682 2362 849 2408 punct0,
873 2353 920 2396 ea
942 2369 1066 2410 quam
1086 2355 1145 2396 ibi
1164 2354 1290 2396 habet
1308 2355 1521 2397 velocitate
1541 2369 1703 2396 sursum
1722 2357 1954 2411 projectum

249 2423 474 2465 ascendere
494 2423 652 2478 possit3
684 2424 816 2480 sitque
837 2425 1041 2480 quantitas
1068 2424 1109 2467 A
1130 2425 1322 2467 distantia
1351 2426 1533 2481 corporis
1564 2440 1589 2466 a
1620 2433 1762 2466 centro
1795 2425 1839 2466 in
1871 2425 1954 2468 alio

252 2493 396 2549 quovis
419 2493 565 2534 orbitae
585 2502 752 2548 puncto,
776 2502 818 2536 et
851 2494 911 2536 vis
947 2494 1174 2550 centripeta
1207 2509 1370 2550 semper
1401 2495 1454 2536 sit
1487 2502 1534 2536 ut
1566 2495 1694 2550 ipsius
1715 2495 1754 2536 A
1775 2495 1953 2553 dignitas

293 2635 334 2677 (¹)
360 2637 376 2655 ⁴
401 2638 457 2667 Sed
471 2639 686 2677 rectangulum
701 2640 724 2669 I
741 2640 814 2676 T><
833 2641 856 2670 Ι
867 2640 904 2670 K
910 2638 1025 2680 oequule
1039 2645 1080 2671 est
1167 2642 1238 2670 412.
1288 2640 1320 2671 Si
1355 2646 1496 2671 centrum
1535 2641 1561 2672 C
1596 2641 1629 2671 in
1664 2640 1820 2672 infinitum
1855 2642 1952 2680 abent,
2002 2656 2004 2659 >

251 2679 274 2710 I
286 2680 328 2710 N
337 2682 496 2720 quadrato,
513 2689 586 2710 cum
600 2680 639 2710 sit
668 2680 702 2710 K
719 2681 750 2711 N
768 2681 786 2712 Ι
812 2681 946 2722 angulus
969 2688 1081 2719 rectus,
1126 2688 1217 2712 rectae
1233 2683 1264 2713 A
1283 2683 1319 2718 C,
1338 2683 1355 2714 I
1375 2684 1400 2715 C
1423 2683 1504 2714 fiunt
1527 2683 1680 2723 parallelae
1705 2690 1736 2714 et
1758 2694 1846 2714 arcus
1869 2684 1905 2723 D
1922 2684 1950 2723 1,

250 2726 281 2750 et
295 2716 377 2751 linea
392 2722 424 2752 N
442 2722 471 2752 T
485 2723 523 2752 ab
547 2722 644 2752 basim
672 2722 689 2753 1
710 2722 740 2753 K
765 2723 918 2759 normalis,
945 2723 1083 2764 adeoque
1127 2724 1156 2754 E
1176 2725 1209 2755 K
1231 2725 1263 2754 in
1285 2731 1390 2761 rectas,
1416 2725 1504 2756 lineis
1531 2726 1561 2756 A
1588 2726 1626 2762 C,
1655 2726 1671 2756 1
1700 2727 1726 2757 C
1752 2725 1954 2766 perpendicu-

250 2772 320 2792 cms
337 2763 353 2793 I
373 2764 404 2794 N
419 2763 557 2794 medium
581 2765 807 2803 proportionale
831 2758 911 2796 inter
932 2766 1081 2805 hypothe-
1122 2766 1210 2803 lares,
1240 2774 1409 2798 mutantur.
1471 2768 1563 2798 Valet
1585 2768 1679 2808 igitur
1707 2769 1872 2808 propositio
1895 2769 1953 2799 eti-

250 2813 360 2834 nusam
377 2805 394 2836 1
414 2806 446 2836 K
461 2812 493 2836 et
506 2806 590 2836 illius
603 2807 763 2837 abscissam
782 2808 798 2838 I
816 2808 854 2838 Τ.
1116 2803 1173 2839 ‘am
1195 2810 1248 2840 ubi
1270 2809 1315 2839 vis
1337 2809 1511 2849 centripetae
1532 2810 1657 2840 directio
1685 2811 1715 2841 A
1734 2812 1771 2848 C,
1801 2811 1816 2841 1
1844 2811 1953 2842 Osibi

295 2846 348 2887 (¹²¹)
372 2851 444 2878 411.
479 2850 524 2880 Et
548 2851 649 2880 eodem
673 2857 860 2889 argumento.
916 2850 973 2880 Vis
996 2850 1081 2880 enim
1122 2850 1268 2890 perpetu&
1296 2851 1440 2890 parallela
1474 2858 1527 2887 est,
1558 2851 1728 2884 dummodo
1762 2858 1878 2892 puncta
1906 2853 1950 2890 D,

252 2888 447 2919 acceleratrix
462 2896 583 2920 motum
604 2892 737 2930 corporis
759 2892 948 2922 ascendentis
972 2891 1081 2922 codem
1126 2893 1142 2923 I
1169 2904 1256 2933 aeque
1280 2894 1342 2924 alta
1366 2893 1435 2930 sint,
1460 2895 1517 2924 hoc
1541 2900 1595 2931 est,
1620 2895 1652 2924 in
1676 2895 1785 2926 eadem
1806 2894 1889 2926 rect&
1912 2895 1952 2926 ad

252 2930 344 2959 modo
359 2931 500 2969 retardat,
516 2943 578 2972 quo
591 2939 712 2964 motum
733 2934 943 2965 descendentis
967 2935 1082 2964 accele-
1125 2935 1323 2966 directionem
1352 2936 1397 2965 vis
1424 2937 1598 2976 centripetae
1630 2937 1873 2977 perpendiculni
1899 2948 1951 2970 su-

252 2977 300 3000 mt
313 2971 346 3000 in
368 2973 475 3003 iisdem
499 2974 573 3005 locis
596 2975 689 3016 (25);
712 2975 797 3007 unde
817 2986 886 3007 vera
906 2983 952 3006 est
972 2986 1082 3015 propo·
1124 2979 1259 3008 mantur.
1804 3010 1806 3013 .
1838 3002 1864 3013 a.
1884 3012 1886 3015 ,
1924 2999 1927 3003 ·

252 3012 322 3042 sitio
351 3013 414 3061 sive
437 3025 547 3054 corpus
575 3023 741 3058 utrumque
764 3018 926 3049 descendat
953 3024 1007 3049 aut
1034 3029 1082 3054 ns-
1169 3020 1217 3061 (¹²)
1241 3022 1258 3040 ·
1283 3021 1502 3060 Impedimeneo
1516 3022 1602 3054 vasis.
1641 3021 1731 3064 (vid.
1745 3026 1809 3054 not.
1827 3024 1947 3054 8386.

251 3055 374 3092 cendat,
390 3066 452 3086 Sive
467 3056 669 3091 descendente
682 3070 756 3098 uno,
771 3061 902 3092 alterum
916 3060 1067 3092 ascendat.
1124 3065 1174 3094 89.
1193 3065 1234 3093 90
1263 3061 1331 3102 91.)
1506 3076 1508 3078 ·
