2086 3542
137 249 284 317 mess
303 274 518 326 pamm]
566 273 885 317 PRINCIPIA
916 272 1405 337 MATHJEMATICA.
1753 283 1830 321 321

134 389 214 444 ipsi
233 389 278 431 D
297 390 327 431 S
344 388 572 444 parallelas,
593 387 652 428 nil
670 395 831 429 mutant
850 389 951 430 situs
970 402 1114 430 eorum
1132 387 1187 428 ad
1207 388 1393 438 invicem,
1417 388 1491 429 sed
1510 388 1664 431 faciunt
1684 399 1729 432 ut
1747 392 1836 446 ipsa

133 458 346 515 aequaliter
373 457 570 500 accedant
594 457 652 498 ad
679 457 830 499 lineam
860 457 883 499 Ι
906 457 976 507 Κ;
1006 471 1131 513 quam
1157 456 1324 498 ductam
1353 458 1524 512 concipe
1552 473 1628 512 per
1655 461 1838 503 medium

64 580 67 581 ⁷
132 529 318 584 corporis
348 529 392 579 S,
425 536 467 570 et
495 528 614 570 lineae
644 528 689 570 D
712 528 743 570 S
769 520 1163 583 perpendicularem.
1227 527 1482 582 Impedietur
1512 536 1650 570 autem
1678 530 1754 572 iste
1784 532 1838 573 ad

131 600 283 642 lineam
311 599 334 641 Ι
355 599 399 641 K
428 614 614 641 accessus
647 599 698 655 (q)
728 598 916 641 faciendo
945 606 992 640 ut
1020 605 1201 654 systema*
1223 611 1445 653 corporum
1475 597 1519 639 T
1546 607 1587 640 et
1618 599 1657 641 L
1683 615 1736 641 ex
1755 601 1838 642 una

130 681 260 729 parte,
282 680 324 715 et
342 687 492 728 corpus
515 673 545 715 S
563 687 616 715 ex
636 671 777 722 altera,
802 671 924 727 justis
944 685 1038 712 cum
1056 670 1350 721 velocitatibuS,
1377 677 1578 727 gyrentur
1599 671 1708 712 circa
1726 687 1839 713 com--

130 759 255 787 mune
273 745 483 802 gravitatis
504 753 690 787 centrum
713 744 763 786 C.
815 743 862 796 (Γ)
886 743 981 786 Tali
995 751 1110 784 motu
1132 757 1280 798 corpus
1298 743 1341 793 S,
1364 757 1415 785 eo
1429 742 1541 799 quod
1562 758 1724 785 summa
1742 745 1853 786 viri-=

130 831 202 859 um
219 817 454 858 motricium
486 818 516 859 S
536 817 581 858 D
613 825 648 859 Χ
680 816 722 858 Τ
751 823 793 858 et
825 817 855 858 S
877 816 921 858 D
951 807 988 859 ’Χ
1019 816 1072 867 L,
1103 815 1307 859 distantiae
1335 816 1372 858 C
1394 816 1425 858 S
1449 817 1836 872 proportionalium,

128 887 262 930 tendit
279 902 422 930 versus
441 895 629 930 centrum
650 887 702 938 C,
733 886 927 929 describit
945 887 1107 943 ellipsin
1131 887 1240 929 circa
1264 886 1376 929 idem
1398 887 1460 939 C;
1489 896 1531 930 et
1557 896 1758 946 punctum
1777 889 1837 940 D,

126 953 181 995 ob
214 955 547 1009 proportionales
580 955 618 995 C
651 954 695 1004 S,
729 954 766 994 C
786 954 844 1003 D,
883 954 1087 994 describet
1118 954 1281 1007 ellipsin
1314 952 1569 993 consimilem
1603 967 1627 995 e
1656 953 1840 1010 regione.

125 1024 315 1079 Corpora
344 1032 482 1066 autem
503 1024 545 1066 T
565 1031 607 1066 et
637 1024 676 1066 L
696 1023 850 1065 viribus
884 1023 1127 1067 matricibus
1162 1023 1192 1066 S
1213 1022 1257 1064 D
1284 1031 1318 1066 Χ
1342 1022 1384 1064 Τ
1404 1029 1445 1064 et
1467 1023 1497 1066 S
1517 1022 1563 1065 D
1591 1031 1625 1065 Χ
1649 1023 1702 1074 L,
1723 1023 1842 1080 prius

122 1095 276 1150 priore,
298 1095 505 1150 posterius
524 1095 765 1150 posteriore,
788 1095 1002 1151 aequaliter
1021 1102 1063 1136 et
1091 1093 1318 1136 secundum
1348 1093 1478 1135 lineas
1508 1093 1731 1151 parallelas
1752 1093 1795 1135 T
1816 1093 1837 1135 I

124 1172 167 1207 et
187 1165 227 1207 L
249 1164 305 1216 K,
327 1173 374 1207 ut
393 1164 550 1207 dictum
571 1173 647 1216 est,
669 1171 855 1215 attracta,
876 1171 1053 1220 pergent
1082 1167 1175 1220 (per
1193 1162 1333 1220 legum
1355 1163 1844 1223 Corollariumbquintum

122 1242 164 1276 et
176 1235 357 1288 sextum)
379 1235 488 1277 circa
503 1242 692 1277 centrum
706 1234 860 1277 mobile
873 1234 918 1277 D
932 1234 1095 1290 ellipses
1109 1249 1203 1276 suas
1218 1233 1465 1285 describere,
1482 1242 1529 1275 ut
1541 1224 1672 1290 prius.
1704 1233 1760 1284 Q.
1769 1249 1806 1276 e.
1814 1233 1843 1276 i.

183 1305 378 1347 Addatur
400 1306 489 1362 jam
510 1320 661 1361 corpus
693 1313 886 1362 quartum
907 1306 960 1357 V,
993 1313 1035 1347 et
1065 1306 1111 1361 (⁸)
1143 1305 1266 1347 simili
1296 1312 1542 1362 argumento
1573 1305 1846 1347 concludetur

122 1375 205 1418 hoc
225 1383 267 1418 et
284 1384 487 1431 punctum
509 1376 546 1418 C
567 1376 732 1431 ellipses
753 1376 865 1418 circa
884 1376 1071 1418 omnium
1098 1389 1317 1417 commune
1344 1383 1533 1417 centrum
1561 1375 1773 1432 gravitatis
1805 1375 1845 1418 B

123 1445 386 1497 describere3
415 1447 677 1489 manentibus
698 1447 879 1488 motibus
898 1447 1085 1502 priorum
1105 1460 1328 1502 corporum
1344 1446 1397 1496 T,
1413 1445 1451 1487 L
1467 1454 1510 1488 et
1529 1447 1560 1489 S
1575 1445 1684 1487 circa
1703 1453 1846 1488 centra

122 1517 168 1561 D
190 1525 233 1561 et
254 1517 305 1569 C,
327 1517 402 1560 sed
421 1517 671 1561 acceleratis.
732 1517 789 1560 Et
809 1517 953 1560 eadem
972 1517 1172 1560 methodo
1191 1532 1367 1574 corpora
1385 1516 1507 1573 plura
1537 1517 1763 1575 adjungere
1793 1517 1845 1559 li-

123 1589 247 1632 cebit.
308 1589 365 1639 Q.
386 1605 421 1632 e.
443 1590 471 1632 i.

181 1660 228 1715 (²)
262 1660 374 1702 Haec
393 1660 451 1702 ita
471 1676 514 1703 se
544 1659 714 1712 habent,
746 1661 823 1704 etsi
853 1675 1029 1716 corpora
1050 1660 1092 1704 T
1112 1668 1155 1702 et
1175 1660 1214 1702 L
1245 1658 1416 1702 trahunt
1445 1674 1490 1701 se
1522 1665 1669 1700 mutuo
1688 1659 1844 1702 viribus

123 1730 482 1774 acceleratricibus
502 1731 727 1787 majoribus
746 1731 811 1774 vel
831 1731 1061 1774 minoribus
1083 1746 1207 1788 quam
1227 1730 1377 1787 quibus
1396 1729 1567 1772 trahunt
1586 1745 1761 1786 corpora
1780 1745 1846 1772 re-

123 1803 241 1860 liqua
258 1818 336 1859 pro
355 1804 517 1846 ratione
537 1804 837 1846 distantiarum.
900 1804 1033 1847 Sunto
1052 1812 1208 1845 mumae
1228 1803 1413 1844 omnium
1440 1803 1701 1845 attractiones
1729 1817 1846 1845 acce-

126 1876 335 1919 leratrices
357 1877 412 1919 ad
430 1877 609 1919 invicem
629 1885 677 1919 ut
695 1875 901 1919 distantiae
930 1875 1067 1918 ductae
1097 1876 1142 1917 in
1176 1889 1352 1930 corpora
1383 1873 1602 1925 trahentia,
1639 1882 1681 1916 et
1709 1874 1762 1930 (¹²)
1793 1887 1848 1916 ex

125 1948 457 2003 praecedentibus
477 1947 596 1990 facile
618 1948 846 1991 deducetur
865 1948 977 2004 quod
997 1962 1173 2003 corpora
1191 1946 1331 1988 omnia
1350 1946 1576 2003 aequalibus
1589 1946 1846 2002 temporibus

123 2019 345 2074 periodicis
366 2019 530 2074 ellipses
546 2020 693 2070 varias,
716 2020 825 2061 circa
844 2020 1029 2062 omnium
1049 2034 1268 2062 commune
1286 2020 1497 2077 gravitatis
1517 2027 1705 2062 centrum
1728 2020 1779 2070 B,
1801 2019 1846 2061 in

125 2090 254 2147 plano
273 2091 475 2133 immobili
494 2090 746 2134 describunt.
807 2090 865 2140 Q.
885 2105 920 2132 e.
939 2091 967 2132 i.

166 2233 212 2277 (⁸¹)
236 2235 254 2254 ⁸
281 2234 435 2266 Faciendo
449 2239 486 2265 ue
499 2239 629 2274 systema
644 2243 806 2273 corporum
826 2234 863 2268 T,
878 2237 907 2264 et
923 2232 964 2269 L,

124 2277 195 2318 (seu
212 2277 247 2307 D
272 2282 414 2307 centrum
436 2275 594 2317 gravitatis
617 2285 785 2306 commune
809 2274 963 2314 ipsorum)

123 2330 159 2351 ez·
171 2318 240 2351 unii
252 2324 352 2359 parte,
369 2325 397 2349 ee
411 2330 519 2359 covpm
544 2320 568 2350 S
589 2329 626 2349 ex
649 2317 758 2355 altera,
772 2318 869 2358 justis
893 2328 964 2348 cum

123 2363 327 2394 velocitatibus
341 2361 375 2391 in
389 2360 462 2391 dam
475 2360 568 2400 plano
589 2359 762 2391 secundum
783 2359 966 2390 directiones

122 2402 287 2444 parallelas
300 2409 332 2435 et
345 2403 510 2434 contrarias
533 2403 688 2442 impressis
709 2409 860 2443 gyf-entur
882 2401 964 2434 circa

127 2449 153 2478 C
164 2457 328 2478 commune
338 2448 496 2486 μσυίέαιὶε
509 2453 651 2478 cemrum
665 2447 762 2477 trium
777 2455 944 2485 corporum.

167 2488 212 2530 (¹)
238 2490 255 2508 ⁸
286 2490 354 2520 Tali
367 2495 452 2520 motu
465 2488 574 2529 corpus
590 2491 622 2526 S,
644 2489 700 2518 &c-
750 2489 872 2527 Corpus
898 2487 920 2517 S
942 2497 962 2517 a

124 2530 304 2570 corporibus
320 2531 349 2562 T
360 2537 391 2561 et
401 2531 430 2561 L
444 2532 574 2562 trahitur
589 2531 702 2562 viribus
716 2540 786 2571 quae
799 2536 872 2560 sunt
882 2529 962 2559 inter

124 2575 157 2604 Q
182 2579 219 2605 ut
245 2573 643 2612 STxTetsLxL
666 2574 718 2615 (ex
740 2572 830 2612 hyp.)
854 2577 885 2602 et
908 2581 963 2610 per

125 2615 344 2646 resolutionem
358 2615 471 2646 virium
486 2625 597 2654 corpus
613 2617 636 2647 S
657 2626 676 2646 a
697 2615 873 2654 corporibus
890 2614 919 2644 T
934 2619 965 2644 et

128 2657 157 2687 L
172 2667 280 2688 versus
297 2659 331 2688 D
345 2663 376 2688 et
393 2659 420 2689 C
431 2657 524 2699 juxta
537 2658 739 2689 directionem
756 2658 778 2688 S
792 2658 824 2688 D
834 2667 889 2687 seu
903 2658 925 2687 S
937 2657 964 2687 C

125 2699 255 2730 trahitur
270 2700 384 2731 viribus
398 2711 469 2741 quoe
483 2706 556 2731 sunt
580 2701 660 2731 inter
681 2710 715 2730 ee
739 2706 776 2731 ut
792 2700 814 2731 S
832 2700 864 2730 D
882 2703 916 2737 ><
935 2697 964 2728 Τ

125 2748 157 2772 et
181 2742 365 2780 SDxL,
389 2744 447 2774 hoc
473 2749 528 2780 est,
556 2743 587 2774 vi
610 2753 680 2784 quae
705 2748 753 2773 est
776 2748 814 2773 ut
838 2742 962 2779 SD><

129 2794 159 2824 T
174 2794 218 2835 -ᾖ-
238 2794 277 2828 L.
294 2793 430 2835 adeoque
445 2801 481 2826 ut
497 2796 519 2825 S
536 2796 580 2832 D,
607 2797 648 2825 ob
672 2794 775 2825 datam
802 2803 966 2833 corporum

126 2845 284 2866 summam
301 2837 330 2866 T
342 2837 385 2878 -Ι-
398 2838 436 2872 L,
453 2844 485 2868 et
500 2845 535 2868 ut
553 2838 578 2869 C
593 2838 626 2875 S,
642 2838 682 2868 ob
696 2837 799 2867 datam
814 2836 966 2867 rationem

128 2878 151 2908 S
169 2878 202 2908 D
217 2877 258 2908 ad
275 2878 301 2908 C
319 2878 351 2914 S,
374 2880 458 2920 (61).
486 2881 608 2919 Corpus
621 2879 705 2910 idem
723 2880 745 2909 S
761 2878 853 2919 juxta
867 2879 965 2909 direc-

125 2920 225 2950 tiones
235 2920 390 2959 oppogn‘tas
400 2921 474 2960 ipsis
482 2922 516 2952 D
525 2923 563 2959 T,
576 2923 609 2953 D
617 2922 645 2952 L
655 2922 823 2961 parallelas,
835 2921 968 2952 trahitur

125 2962 631 3002 viribusquaesuntinterseutn
648 2965 677 2995 T
695 2969 728 3002 χ
745 2965 774 2994 Τ
788 2970 820 2994 et
836 2964 869 2994 D
888 2964 916 2994 L
930 2968 964 3000 Χ

126 3004 167 3041 L,
187 3005 246 3034 boc
260 3010 315 3041 est,
332 3005 447 3035 viribus
460 3007 633 3045 aequalibus
655 3008 726 3049 (60)
749 3017 820 3047 quae
838 3005 968 3046 proinde

124 3046 245 3077 nullam
259 3047 462 3079 mutationem
471 3048 660 3088 producunt.
694 3048 800 3085 Quare
815 3059 887 3079 cum
903 3058 968 3088 sys-

168 3101 249 3134 Vor..
277 3102 306 3133 1.

1006 2237 1089 2262 tema
1109 2240 1273 2271 corporum
1290 2231 1320 2262 T
1333 2237 1365 2262 et
1381 2231 1420 2269 L,
1443 2241 1498 2262 seu
1517 2231 1656 2271 ipsorum
1677 2242 1844 2264 commune

1007 2281 1149 2305 centrum
1163 2274 1320 2315 gravitatis
1336 2274 1380 2311 D,
1395 2284 1500 2304 versus
1523 2275 1546 2305 S
1570 2284 1625 2305 seu
1653 2275 1679 2306 C
1705 2277 1844 2307 trahatur

1007 2327 1130 2358 quoque
1145 2317 1174 2346 vi
1189 2326 1260 2356 quae
1274 2322 1320 2347 est
1333 2322 1370 2346 ut
1387 2317 1408 2347 S
1426 2317 1468 2352 D,
1489 2326 1526 2347 ac
1550 2317 1679 2356 proinde
1702 2324 1739 2348 ut
1764 2319 1791 2350 C
1808 2319 1843 2350 D

1010 2359 1090 2400 (61),
1122 2364 1207 2398 patet
1230 2358 1316 2399 quod
1340 2368 1452 2398 corpus
1479 2359 1511 2395 S,
1541 2369 1579 2389 ex
1603 2359 1666 2389 una
1691 2366 1786 2398 parte,
1811 2367 1844 2392 et

1007 2407 1160 2440 punctum
1179 2401 1211 2432 D
1227 2410 1264 2431 ex
1279 2400 1374 2431 altera
1390 2401 1562 2431 describant
1575 2401 1694 2431 circum
1711 2403 1737 2433 C
1752 2402 1843 2442 enip-

1007 2454 1055 2474 ses
1067 2434 1251 2476 consimiles.
1268 2443 1293 2474 si
1303 2443 1395 2484 justis
1409 2453 1481 2473 cum
1496 2443 1717 2483 velocitatibus‚
1740 2451 1778 2476 ut
1789 2455 1840 2476 su-

1004 2485 1060 2525 pra
1075 2485 1196 2516 dictum
1211 2491 1265 2520 est,
1282 2485 1490 2526 projiciantur.

1049 2537 1092 2580 (⁸)
1119 2540 1135 2556 ·
1160 2539 1258 2569 Simili
1271 2543 1463 2578 argumento,
1479 2537 1701 2568 considerando
1715 2547 1844 2577 corpora

1009 2581 1038 2612 T
1053 2586 1084 2610 et
1101 2580 1130 2610 L
1144 2586 1292 2619 tanquam
1306 2589 1417 2618 corpus
1433 2579 1559 2611 unicum
1574 2580 1608 2610 in
1622 2587 1728 2611 centro
1740 2581 1774 2612 D
1786 2591 1840 2621 po-

1007 2623 1112 2660 situm,
1129 2624 1337 2659 concludetur,
1353 2623 1410 2652 &c-

1051 2666 1094 2707 (ῑ)
1118 2668 1136 2684 ⁴*
1162 2667 1241 2695 Haec
1254 2664 1298 2696 ieci
1312 2675 1343 2696 ze
1356 2666 1474 2695 habent.
1523 2664 1608 2695 Nam
1628 2665 1844 2704 propositionis
1879 2671 1882 2674 ’

1008 2707 1229 2738 demonstratio
1258 2716 1322 2737 non
1346 2707 1494 2746 supponit
1517 2707 1596 2737 vires
1618 2707 1844 2738 accelerati-ices

1007 2750 1120 2791 quibus
1134 2759 1261 2788 corpora
1277 2749 1306 2780 T
1320 2750 1359 2779 et‘
1368 2749 1396 2779 L
1411 2749 1450 2779 ad
1465 2749 1642 2779 distantiam
1663 2749 1765 2781 datam
1781 2755 1843 2781 tn-

1007 2794 1088 2827 hunt
1101 2802 1212 2832 corpus
1229 2792 1260 2828 S,
1275 2801 1341 2822 esse
1354 2791 1488 2831 aequales
1500 2791 1616 2822 viribus
1625 2792 1847 2824 woeleratrid-

1007 2837 1067 2866 bus
1080 2835 1193 2876 quibus
1207 2844 1239 2864 se
1252 2832 1364 2864 mutuo
1378 2833 1563 2864 adeandem
1583 2833 1760 2865 distantiam
1780 2840 1844 2866 tn·-

1008 2879 1096 2908 hunt.
1146 2875 1240 2908 Unde
1254 2882 1359 2906 manet
1372 2875 1600 2914 demonstratio,
1623 2877 1680 2907 etsi
1693 2887 1805 2917 corpus
1819 2877 1845 2910 S

1009 2929 1209 2959 acorporev.
1227 2929 1273 2959 gr.
1294 2918 1684 2951 Taddistantiamdmm
1704 2921 1846 2951 trahatur

1009 2963 1118 3003 maJori
1134 2962 1182 2992 vel
1197 2961 1310 2992 minori
1324 2961 1355 2990 vi
1378 2961 1589 2992 accelerntrioe
1613 2972 1707 3002 quam
1730 2972 1844 3003 corpu

1012 3005 1042 3035 L
1056 3005 1096 3034 ad
1111 3004 1241 3034 eandem
1256 3003 1442 3034 distantiam.

1055 3044 1104 3087 (¹¹)
1128 3047 1145 3063 ὓ
1170 3047 1214 3076 Et
1235 3055 1269 3076 ετ
1290 3049 1531 3085 praecedemibus
1542 3049 1644 3092 facil&
1665 3053 1843 3083 deducetur.

974 3103 1009 3133 X
