2086 3542
252 217 279 253 2
668 210 1114 253 PHILOSOPHIAE
1145 211 1505 254 NATURALIS

1688 216 1928 263 [Dm-mm.

245 339 328 375 um,
351 339 443 380 quae
462 339 537 379 per
550 339 688 366 causas
700 338 960 380 quascunque
980 323 1248 365 diversimode
1269 325 1578 367 condensantur.
1631 325 1763 367 Medii
1784 325 1948 375 interea,

245 395 278 435 si
310 395 421 451 quod
459 395 595 446 fuerit,
638 395 852 436 interstitia
888 395 1067 449 partium
1100 394 1227 436 libere
1265 395 1534 450 pervadentis,
1565 395 1633 436 hic
1670 396 1825 436 nullam
1854 395 1951 435 rati-

252 479 375 506 onem
422 465 567 506 habeo.

243 620 322 660 que
345 605 524 647 Pondus.

646 465 772 506 Hanc
810 472 947 505 autem
996 464 1277 512 Quantitatem
1327 465 1402 506 sub
1444 466 1610 506 nomine
1652 466 1847 520 Corporis
1890 465 1951 506 vel

247 535 398 576 Massae
417 536 460 576 in
480 535 738 591 sequentibus
756 534 906 589 passim
925 533 1119 590 intelligo.

1180 535 1401 576 Innotescit
1430 550 1478 576 ea
1504 549 1580 590 per
1609 536 1789 589 corporis
1819 535 1951 590 cujus-

584 605 691 647 Nam
713 603 785 660 (b)
819 603 998 644 Ponderi
1027 604 1375 658 proportionalem
1406 620 1491 645 esse
1524 605 1656 659 reperi
1685 619 1761 659 per
1791 605 1951 660 experi-

243 683 380 717 menta
402 674 681 717 Pendulorum
701 671 998 716 accuratissime
1018 673 1211 724 instituta,
1242 674 1302 714 uti
1328 673 1497 728 posthac
1516 674 1740 716 docebitur.

837 851 1161 894 DEFINITIO
1192 852 1250 894 11.
1282 819 1365 907 (η’

269 979 481 1028 Quantztas
521 978 656 1019 Motus
693 983 748 1019 est
767 991 942 1019 mensura
980 977 1143 1032 ejusdem
1172 984 1261 1018 orta
1288 991 1336 1018 ex
1372 977 1582 1019 Velocitate
1619 983 1657 1018 et
1699 977 1933 1027 Quantitate

884 1046 1074 1088 Materiae
1091 1046 1330 1101 conjunctim.

301 1174 444 1215 Motus
472 1173 595 1213 totius
626 1180 686 1213 est
716 1186 874 1214 summa
890 1179 1088 1219 ,motuum
1116 1173 1159 1214 in
1187 1173 1371 1228 partibus
1390 1173 1574 1231 singulis3
1604 1173 1778 1230 ideoque
1791 1173 1840 1216 1ἰιι
1859 1189 1951 1216 cor-

241 1258 343 1300 pore
362 1243 490 1298 duplo
509 1243 662 1297 majore
692 1242 840 1298 aequali
870 1256 965 1283 cum
997 1242 1209 1284 velocitate
1237 1242 1387 1298 duplus
1417 1251 1489 1295 est,
1520 1251 1561 1286 et
1580 1243 1705 1299 dupla
1726 1259 1820 1286 cum
1838 1245 1950 1287 velo-

243 1314 363 1355 citate
392 1312 655 1369 quadruplus.

370 1416 384 1431 0

244 1441 306 1471 sive
330 1440 476 1471 volumen
497 1439 589 1470 estin
603 1439 719 1469 ratione
740 1438 907 1478 composita
928 1449 964 1470 ex
980 1439 1077 1470 direc-

245 1482 278 1515 ιίὶ
290 1482 408 1513 ratione
421 1492 530 1513 massae
544 1487 575 1512 et
595 1481 715 1512 inversa
737 1481 904 1512 densitatis-
953 1481 987 1512 Si
1000 1481 1077 1512 den-

245 1525 348 1555 sitates
372 1524 489 1554 fuerint
505 1523 643 1564 aequaleS,
661 1534 715 1554 seu
729 1523 756 1553 si
779 1533 813 1553 m
828 1536 835 1554 :
854 1533 873 1552 v
887 1538 926 1550 =
945 1524 983 1554 M
999 1536 1007 1555 ι
1036 1524 1076 1560 V,

245 1573 330 1606 patet
353 1576 467 1597 massas
491 1576 556 1596 esse
576 1566 655 1596 inter
675 1575 708 1596 se
728 1571 765 1596 ut
784 1565 942 1596 volumina
956 1565 1077 1596 directe.

248 1609 312 1640 His
325 1609 431 1648 positis
444 1608 533 1639 facile
553 1607 736 1648 intelligitur
749 1617 881 1638 massam
894 1608 979 1644 a‘eris,
1003 1608 1079 1638 den-

246 1651 334 1681 sitate
358 1650 523 1690 duplicata,
546 1650 580 1680 in
601 1650 699 1689 spatio
723 1649 816 1680 etiam
836 1649 992 1689 duplicato
1012 1649 1079 1680 fieri

246 1692 459 1733 quadruplam,
482 1702 556 1722 nam
580 1693 619 1723 ob
641 1692 827 1731 duplicatam
851 1691 1054 1722 densitatem
1045 1702 1077 1722 in

248 1735 357 1766 eodem
381 1735 479 1773 spatio
503 1734 600 1774 dupla
624 1740 669 1764 est
689 1744 802 1771 massa3
825 1732 899 1774 ergo
923 1734 1079 1773 duplicato

247 1777 343 1807 etiam
356 1777 454 1816 spatio
467 1786 568 1807 massa
587 1786 693 1807 rursus
712 1757 888 1816 duplicatur
908 1782 939 1806 et
953 1776 989 1806 fit
1002 1785 1078 1817 qua-

248 1818 306 1850 dru
328 1819 367 1850 la.

292 1830 337 1903 (ξ)
360 1865 390 1892 5.
418 1861 555 1891 Massam
575 1870 639 1891 esse
660 1860 786 1900 ponderi
811 1859 1075 1912 proportionalem,

249 1904 289 1933 ob
312 1903 596 1943 frequentissimum
619 1903 748 1949 hujusce
762 1903 895 1933 veritatis
907 1913 1009 1938 usum,
1025 1901 1076 1933 hic

248 1945 378 1977 breviter
398 1945 595 1976 ostendimus·
645 1944 758 1975 Gravia
777 1945 890 1981 omnia,
906 1950 942 1975 ut
956 1945 1076 1975 notissi-

249 1987 307 2018 mis
332 1993 450 2018 constat
473 1987 696 2026 experimentis,
720 1997 774 2026 per
798 1987 894 2016 lineas
922 1986 962 2017 ad
989 1993 1077 2018 terrae

248 2029 441 2068 superficiem
451 2029 713 2069 perpendiculares
725 2039 760 2059 ac
768 2028 896 2068 proinde
904 2029 943 2059 ad
952 2039 1076 2059 sensum

248 2071 407 2111 parallelas
431 2070 630 2107 descendunt,
663 2077 694 2102 et
717 2071 751 2100 in
774 2071 857 2102 tubis
881 2072 948 2101 a‘elre
972 2071 1076 2101 vacuis

247 2113 412 2152 plumbum
436 2113 647 2153 levissimaque
668 2113 775 2152 pluma
795 2112 904 2143 eadem
924 2113 1077 2144 celeritate

248 2155 372 2191 cadunt,
389 2165 443 2186 seu
454 2155 583 2196 aequalia
593 2155 696 2195 spatia,
713 2155 881 2196 aequalibus
890 2156 1077 2194 temporibus

248 2197 388 2228 cadeudo
403 2203 594 2237 percurrunt.
643 2198 676 2228 N
677 2207 711 2228 ec
732 2207 874 2228 successu
888 2203 970 2228 caret
984 2206 1075 2236 expe-

247 2239 422 2276 timentum,
445 2239 564 2270 etiamsi
588 2239 746 2270 coarctatis
776 2249 811 2270 ac
835 2239 968 2270 diductis
995 2239 1077 2278 poris

247 2281 296 2311 vel
310 2262 535 2321 superficiebus
552 2282 686 2321 corporis
699 2282 799 2322 figura
811 2287 964 2320 mutetur,
985 2281 1077 2312 dum'-

247 2322 341 2354 modo
365 2324 472 2354 eadem
485 2329 641 2354 remaneat
653 2333 762 2359 massa,
784 2323 868 2354 idem
881 2333 1000 2363 semper
1013 2333 1076 2353 ser-

248 2372 337 2396 vatur
346 2365 485 2405 pondus3
495 2376 532 2396 ex
541 2376 604 2406 quo
616 2365 752 2406 sequitur
761 2366 942 2407 gravitatem
953 2375 1017 2396 non
1025 2375 1074 2396 so-

248 2407 313 2438 lum
329 2408 526 2439 exterioribus
540 2408 672 2446 corporis
692 2409 837 2447 partibus,
860 2407 915 2438 sed
928 2414 959 2438 et
971 2407 1075 2438 interi-

248 2450 351 2480 oribus
375 2460 462 2490 aeque
485 2450 600 2487 inesse;
622 2449 758 2490 alioquin
782 2449 919 2491 ejusdem
945 2449 1077 2489 corporis

249 2493 306 2522 sub
328 2492 452 2522 diversis
473 2492 700 2532 superficiebus,
723 2492 807 2523 idem
827 2502 892 2523 non
905 2497 1076 2522 remaneret

248 2534 377 2573 pondus,
410 2544 468 2564 nec
497 2533 605 2564 eadem
633 2534 712 2564 foret
733 2536 790 2565 sub
815 2533 939 2564 diversis
965 2533 1075 2574 figuris

248 2576 399 2614 celeritas;
431 2576 550 2607 mutati}¹
574 2575 657 2606 enim
681 2575 848 2615 superficie,
880 2581 981 2615 partes
1003 2583 1075 2616 quat

248 2618 319 2648 ante
329 2618 486 2649 interiores
496 2624 590 2653 erant,
601 2617 764 2648 exteriores
773 2618 855 2648 fiunt
865 2617 970 2648 etvice
980 2626 1017 2646 ve

249 2660 376 2699 aequalia
400 2660 495 2700 igitur
514 2670 622 2690 massae
642 2659 792 2690 elementa
805 2659 915 2699 aequali
928 2664 1079 2700 urgentur

249 2702 278 2730 vi
293 2702 454 2751 gravitatis,
477 2712 533 2732 seu
553 2701 678 2742 aequalis
697 2707 769 2732 sunt
790 2701 948 2741 ponderis3
970 2700 1077 2731 erescit

250 2743 323 2782 ergo
337 2744 431 2774 totius
441 2754 548 2774 massae
558 2743 679 2783 pondus
689 2749 725 2774 ut
736 2743 958 2774 elementorum
973 2752 1074 2783 aequa-

250 2784 329 2815 lium
343 2795 498 2821 numerus,
516 2797 569 2816 seu
584 2785 691 2816 crescit
703 2785 825 2825 pondus
839 2792 875 2816 ut
888 2795 994 2821 massa,
1011 2785 1074 2815 sive

250 2837 349 2857 massa
363 2833 408 2857 est
421 2828 548 2865 ponderi
563 2827 802 2867 proportionalis.

294 2868 336 2910 (⁰)
360 2873 387 2899 4.
411 2869 515 2899 Locus
538 2870 670 2908 corporis
694 2875 740 2900 est
763 2879 833 2909 pars
856 2868 953 2908 spatii,
984 2878 1078 2909 quam

250 2920 361 2950 corpus
375 2917 513 2950 occupat.
533 2912 641 2941 Motus
662 2917 707 2942 est
727 2911 874 2942 continua
893 2911 953 2941 loci
974 2917 1076 2941 muta-

251 2952 304 2983 tio.
358 2952 431 2982 Tria
454 2953 489 2982 in
507 2958 594 2983 motu
619 2952 836 2984 consideranda
859 2958 940 2988 sunt,
967 2963 1077 2992 corpus

250 2995 334 3034 quod
348 3001 489 3024 movetur
502 3004 557 3024 seu
571 2995 692 3031 mobile,
709 2995 841 3035 spatium
855 2994 937 3035 quod
953 3005 1075 3034 percur-

251 3037 337 3072 ritur,
360 3042 391 3066 et
405 3042 526 3074 tempus
539 3046 602 3075 quo
623 3038 817 3075 percurritur.
848 3037 987 3076 Spatium
1007 3046 1075 3076 per-

251 3088 377 3108 cursum
391 3083 436 3108 est
449 3077 530 3108 linea
540 3088 634 3118 quam
648 3079 759 3109 mobile
774 3079 868 3110 instar
881 3078 987 3118 puncti
1002 3088 1075 3108 con-

252 3119 418 3150 sideratum
432 3119 599 3150 describere
620 3119 810 3160 intelligitur.
853 3120 989 3152 Directio
1010 3130 1077 3150 mo-

252 3161 303 3192 tiis
327 3168 373 3192 est
397 3160 479 3192 linea
502 3166 585 3192 recta
610 3172 703 3203 quam
725 3162 838 3193 mobile
862 3162 1003 3194 describit
1023 3168 1078 3193 aut

1118 1439 1288 1471 describere
1321 1439 1438 1471 nititur.
1497 1440 1607 1471 Motus
1641 1440 1847 1481 conspirantes
1875 1448 1949 1474 sunt

1117 1492 1252 1522 quorum
1271 1482 1453 1513 directiones
1476 1488 1663 1523 congruunt,
1685 1490 1741 1514 aut
1754 1479 1862 1514 saltem
1874 1491 1950 1516 sunt

1118 1523 1271 1563 parallelae
1284 1530 1315 1555 et
1329 1524 1370 1555 ad
1383 1524 1505 1555 easdem
1525 1531 1626 1564 partes
1649 1525 1791 1557 tendunt.
1838 1527 1949 1570 Motus

1119 1566 1263 1596 contrarii
1288 1576 1343 1597 seu
1367 1566 1480 1597 directe
1494 1567 1624 1606 oppositi
1648 1567 1795 1599 dicuntur
1815 1566 1949 1608 quorum

1119 1607 1300 1638 directiones
1323 1615 1500 1649 congruunt
1519 1608 1654 1650 quidem,
1677 1615 1733 1640 aut
1752 1609 1861 1641 saltem
1875 1616 1949 1642 sunt

1120 1649 1281 1689 parallelae,
1293 1650 1390 1681 sedin
1398 1651 1552 1690 oppositas
1560 1658 1661 1690 partes
1670 1657 1810 1692 vergunt.
1837 1652 1948 1683 Motus

1120 1692 1276 1732 aequabilis
1289 1702 1345 1723 seu
1358 1692 1520 1723 uniformis
1533 1699 1587 1729 est,
1609 1703 1673 1734 quo
1693 1693 1805 1724 mobile
1819 1694 1949 1735 aequalin

1120 1734 1216 1773 spatia
1235 1734 1404 1775 aequalibus
1425 1735 1613 1774 temporibus
1632 1735 1790 1774 percurrit.
1838 1736 1948 1766 Motus

1119 1775 1311 1812 acceleratus,
1335 1786 1397 1816 quo
1409 1777 1523 1807 mobile
1547 1778 1663 1819 majora
1683 1777 1830 1808 continuo
1851 1778 1948 1817 spatia

1120 1818 1289 1859 aequalibus
1313 1819 1501 1858 temporibus
1525 1819 1674 1850 describit.
1723 1820 1832 1850 Motus
1852 1827 1947 1851 retar-

1118 1860 1209 1891 datus
1222 1870 1285 1900 quo
1298 1861 1411 1892 mobile
1425 1871 1480 1901 per
1493 1861 1613 1893 minora
1633 1861 1781 1893 continuo
1794 1862 1890 1902 spatia
1904 1874 1947 1894 ω-

1117 1902 1260 1943 qualibus
1273 1903 1460 1942 temporibus
1474 1903 1579 1934 fertur.

1159 1948 1189 1976 5.
1217 1944 1364 1975 celeritas
1391 1948 1446 1976 seu
1474 1946 1625 1981 velocitas,
1663 1952 1708 1977 est
1742 1956 1779 1976 ea
1813 1945 1948 1986 corporis

1117 1986 1194 2016 moti
1208 1986 1329 2017 affectio
1350 1987 1412 2028 qua
1433 1993 1541 2027 aptum
1554 1987 1700 2023 redditur,
1724 1987 1833 2019 datum
1853 1989 1947 2028 spati·-
1973 2001 1982 2021 .·

1117 2038 1172 2059 um
1186 2028 1258 2059 dato
1272 2035 1408 2068 tempore
1429 2030 1616 2070 aequabiliter
1636 2030 1841 2070 percurrendi.
1888 2031 1948 2062 Est

1117 2071 1213 2111 igitur
1226 2070 1387 2102 celeritatis
1400 2082 1545 2102 mensura
1557 2072 1592 2102 in
1605 2078 1693 2103 motu
1707 2072 1850 2112 aequabili
1863 2083 1947 2119 qum-

1117 2112 1221 2149 tenda,
1244 2123 1310 2151 seu,
1316 2119 1363 2144 ιιι
1375 2114 1523 2144 habeatur
1536 2114 1690 2154 quantitas
1710 2113 1863 2145 velocitati
1876 2124 1948 2154 pro-

1111 2155 1302 2194 portionalis,
1318 2155 1519 2196 quaerendum
1533 2162 1579 2186 est
1593 2156 1726 2195 spatium
1740 2155 1824 2196 quod
1837 2166 1947 2197 corpus

1114 2197 1190 2228 dato
1214 2203 1351 2237 tempore
1374 2204 1570 2237 percurreret,
1601 2198 1626 2228 si
1646 2197 1730 2229 illius
1749 2204 1852 2232 motus
1872 2208 1946 2228 con-

1118 2246 1201 2270 stans
1214 2245 1306 2280 atque
1319 2239 1475 2280 aequabilis
1495 2245 1693 2279 permaneret.
1736 2237 1833 2270 Porro
1847 2239 1946 2270 mani-

1114 2281 1234 2313 festum
1254 2287 1300 2311 est
1320 2281 1505 2312 celeritatem
1526 2292 1590 2312 esse
1614 2281 1749 2321 duplam,
1772 2281 1903 2321 triplam,
1919 2283 1946 2312 si

1116 2321 1306 2363 temporibus
1326 2323 1492 2364 aequalibus
1512 2323 1651 2363 duplum,
1673 2322 1722 2353 vel
1736 2322 1863 2362 triplum
1876 2333 1946 2363 per.

1117 2371 1256 2396 curratur
1266 2376 1320 2405 spa
1319 2365 1414 2403 tium3
1430 2371 1462 2396 et
1475 2365 1589 2404 contra,
1595 2364 1780 2397 celeritatem
1793 2375 1858 2396 esse
1872 2366 1945 2396 sub-

1117 2408 1253 2448 duplam,
1280 2376 1472 2446 subtn'pl'am,
1501 2407 1528 2437 ai
1553 2407 1682 2448 aequalia
1706 2407 1809 2446 spatia,
1836 2406 1942 2448 duplo,

1116 2450 1208 2489 triplo
1232 2455 1368 2488 tempore
1388 2454 1617 2487 percurrantur3
1650 2447 1724 2489 ergo
1749 2449 1945 2480 manentibus

1115 2491 1312 2530 temporibus,
1329 2489 1497 2520 celeritates
1510 2496 1582 2522 sunt
1596 2496 1632 2521 ut
1645 2491 1756 2531 spatia;
1771 2497 1803 2521 et
1815 2493 1945 2522 manen)-

1115 2533 1198 2564 'tibus
1212 2531 1325 2572 spatiis,
1341 2531 1509 2563 celeritates
1523 2539 1595 2563 sunt
1609 2532 1727 2565 inverse
1741 2539 1777 2564 ιιι
1790 2535 1943 2582 tempora,

1115 2579 1210 2616 quare
1223 2574 1409 2604 variantibus
1423 2574 1610 2614 temporib-is
1623 2581 1715 2615 atque
1729 2575 1841 2614 spatiis,
1864 2575 1943 2606 cele-

1017 2615 1076 2654 1533
1114 2616 1221 2648 ritates
1234 2626 1353 2655 semper
1366 2623 1457 2647 erunt
1470 2616 1503 2646 in
1527 2617 1644 2648 ratione
1664 2616 1832 2657 composita
1845 2627 1883 2647 ex
1897 2617 1930 2648 di
1938 2636 1946 2645 .

1117 2658 1201 2690 recta
1223 2658 1391 2698 spatiorum
1412 2664 1443 2688 et
1467 2658 1620 2699 reciproca
1639 2664 1827 2698 tempomm;
1849 2668 1904 2690 seu
1918 2669 1944 2690 si

1117 2700 1255 2732 celeritas
1269 2699 1387 2731 dicatur
1411 2700 1446 2736 C,
1470 2701 1603 2740 spatium
1627 2701 1659 2739 S,
1681 2706 1804 2741 tempus
1819 2701 1863 2739 T;
1886 2700 1945 2733 erit

1120 2743 1146 2774 C
1161 2748 1198 2773 ut
1214 2743 1258 2773 S:
1279 2743 1317 2778 T,
1340 2742 1402 2772 sive
1439 2743 1515 2774 C=
1535 2744 1579 2774 S:
1600 2743 1638 2779 T,
1661 2753 1716 2774 seu
1730 2743 1866 2774 celeritas
1886 2741 1944 2775 'ex-

1114 2784 1191 2824 poni
1214 2790 1313 2824 potest
1337 2794 1392 2823 per
1411 2785 1543 2824 spatium
1557 2785 1597 2815 ad
1610 2792 1732 2824 tempus
1745 2785 1942 2825 applicatum,

1117 2834 1148 2858 et
1160 2825 1393 2875 multiplicando
1407 2826 1550 2867 utrinque
1563 2837 1618 2866 per
1633 2827 1671 2862 T.
1693 2827 1751 2858 erit
1768 2828 1794 2859 C
1811 2828 1893 2858 T=
1912 2828 1942 2866 S,

1118 2879 1174 2899 seu
1187 2869 1320 2908 spadum
1341 2875 1386 2898 est
1406 2875 1442 2899 ut
1456 2868 1615 2899 celeritas
1605 2878 1639 2899 in
1653 2875 1775 2909 tempus
1788 2869 1889 2906 dueta,
1913 2875 1944 2901 et

1117 2909 1280 2941 dividendo
1300 2907 1444 2951 utrinque
1465 2920 1519 2950 per
1542 2911 1576 2946 C.
1599 2912 1656 2941 erit
1672 2912 1701 2942 T
1717 2928 1756 2940 =.—
1773 2912 1814 2942 S.
1836 2913 1872 2948 C,
1888 2922 1945 2943 seu

1116 2959 1239 3025 3¹33OE
1253 2952 1943 3032 §tdfissffififfibifi'uffffissffffoesspsshss

1930 3016 1942 3032 1

1117 3029 1229 3067 seuS:
1250 3036 1293 3073 T;
1310 3046 1342 3066 s.
1361 3047 1388 3071 r,
1403 3036 1519 3067 fuerint
1530 3036 1669 3076 aequal,es
1686 3037 1839 3069 idests·
1859 3038 1946 3069 Τι’-

1119 3089 1159 3109 s:
1184 3089 1211 3113 r,
1235 3077 1293 3108 erit
1320 3078 1366 3109 S.
1392 3089 1460 3109 s=
1479 3047 1576 3110 Tzaeq
1550 3089 1577 3114 τ,
1601 3089 1656 3109 seu
1685 3080 1781 3119 spatia
1808 3085 1882 3111 sunt
1908 3084 1945 3111 ut

1118 3126 1264 3159 tempora.
1966 3124 1970 3126 ’

1161 3165 1191 3193 6.
1216 3162 1290 3195 Jam
1304 3161 1386 3206 ‘vei-o
1407 3160 1482 3193 cum
1500 3162 1643 3206 in⁴motu
1658 3163 1733 3195 nihil
1753 3163 1812 3195 nisi
1827 3173 1945 3204 corpur,
