2086 3542
267 263 367 301 258
645 257 1126 300 .PH1LOSOPHIAE
1159 258 1517 302 NATURALIS
1610 262 1754 313 [Mor.
1778 260 1974 308 eoam.

1842 365 1850 388 Ι

941 497 1187 546 SECTIO
1220 498 1310 547 IX·-

262 614 266 681 J
325 618 410 670 -De
432 627 553 668 motu
574 635 821 682 corporum
844 619 892 666 in
915 620 1096 667 orbibus
1117 620 1367 677 mobilibu3‚
1391 622 1533 683 deque
1555 628 1675 670 motu
1697 623 1914 686 apsidum.

527 784 901 826 PROPOSITIO
933 783 1106 826 XLIII.
1169 783 1512 828 PROBLEMA
1542 787 1698 830 XXX.
1730 779 1733 782 ”

272 907 323 960 (¹²)
354 908 610 964 Efficiendum
631 914 750 948 estut
769 921 905 960 corpus
925 906 968 947 in
996 904 1222 962 trajectorid
1251 904 1473 960 qudcunque
1499 908 1605 948 circa
1632 915 1800 950 centrum
1826 909 1968 961 virium

327 979 723 1031 revolventeperinde
741 978 885 1019 moveri
895 977 1034 1030 possit,
1065 981 1182 1031 atque
1209 990 1345 1030 corpus
1373 977 1487 1017 aliud
1513 978 1555 1018 in
1585 976 1715 1019 elidem
1743 976 1968 1034 trty'eqtoeid

267 1102 270 1103 γ
327 1050 551 1101 quiescente.

327 1147 378 1188 In
399 1146 498 1188 orbe
520 1147 561 1188 V
583 1146 619 1187 P
642 1145 684 1187 K
704 1146 904 1199 positione
924 1142 1022 1185 dato
1041 1144 1273 1185 revolvatur
1292 1158 1441 1199 corpus
1469 1144 1506 1186 P
1532 1146 1745 1202 pergendo
1774 1161 1799 1187 a
1818 1146 1860 1189 V
1877 1161 1968 1190 ver-

268 1231 336 1258 sus
358 1216 414 1258 K.
475 1217 516 1258 A
537 1224 679 1258 centro
701 1215 739 1258 C
758 1223 903 1272 agatur
923 1228 1086 1269 semper
1107 1214 1145 1256 C
1163 1228 1205 1268 p,
1228 1228 1321 1268 quae
1341 1215 1393 1256 sit
1412 1214 1490 1269 ipsi
1512 1214 1548 1255 C
1570 1215 1606 1256 P
1625 1216 1805 1272 aequalis,
1836 1232 1968 1275 angu-

267 1287 436 1344 lumque
469 1287 510 1328 V
541 1287 578 1329 C
609 1301 637 1342 p
669 1287 822 1343 angulo
852 1286 891 1327 V
914 1286 950 1327 C
972 1285 1008 1327 P
1036 1279 1385 1339 proportionalem
1420 1286 1663 1336 constituat3
1693 1294 1735 1328 et
1769 1286 1820 1343 (¹²)
1855 1302 1963 1339 area,

310 1415 356 1458 (Β)
381 1417 399 1436 ⁰
421 1410 638 1457 'Efficiendum
649 1421 701 1446 est.
745 1415 791 1446 Sit
807 1415 839 1446 V
862 1415 891 1445 P
908 1415 940 1445 K
955 1413 1099 1454 quaelibet
1140 1411 1180 1442 ad
1195 1411 1227 1441 V
1245 1411 1271 1441 C
1286 1421 1317 1450 p,
1332 1410 1424 1452 atque
1437 1410 1515 1442 adeo
1529 1418 1626 1442 sector
1651 1412 1680 1443 P
1698 1413 1724 1443 C
1741 1412 1785 1448 K,
1809 1413 1849 1444 ad
1868 1420 1966 1446 secto-

266 1458 396 1488 immota
409 1458 582 1498 trajectoria
603 1464 697 1498 quam
711 1467 821 1496 corpus
848 1457 877 1487 P
891 1457 931 1487 ad
956 1462 1098 1487 centrum
1139 1463 1205 1484 rem
1219 1464 1240 1493 p
1259 1454 1285 1484 C
1300 1464 1332 1492 n,
1347 1453 1381 1483 in
1395 1454 1501 1484 eidem
1517 1454 1632 1485 ratione
1654 1454 1734 1485 date.
1783 1455 1875 1487 Unde
1898 1459 1967 1499 (per

265 1500 378 1530 virium
398 1501 424 1531 C
440 1500 570 1531 tendens
581 1499 731 1530 describat
750 1498 907 1540 pergendo
927 1500 966 1530 ab
983 1499 1014 1529 V
1028 1508 1095 1528 ver-

266 1542 319 1573 sus
333 1543 379 1580 K,
395 1542 579 1573 invenienda
593 1549 639 1572 est
661 1542 710 1572 lex
732 1542 778 1572 vis
800 1541 976 1581 centripetae
1001 1540 1040 1571 ad
1068 1540 1095 1571 C

264 1585 427 1620 tendentis,
443 1584 504 1624 que
519 1590 650 1625 urgente
665 1594 774 1623 corpus
787 1583 872 1614 aliud
886 1594 907 1623 p
927 1583 1043 1613 feratur
1062 1582 1097 1613 in

264 1627 429 1666 perimetro
443 1627 552 1667 figurae
566 1638 588 1657 u
602 1637 633 1666 p,
656 1626 749 1666 priori
774 1626 882 1656 similis
907 1632 938 1657 et
960 1624 1094 1665 aequalis,

263 1670 457 1700 intereadum
470 1670 537 1700 haec
551 1669 617 1708 ipsa
630 1669 730 1709 figura
751 1679 773 1698 u
787 1679 817 1707 p,
844 1668 923 1699 circii
948 1669 973 1699 C
998 1667 1096 1697 revol-

264 1711 346 1742 vitur
359 1712 393 1741 in
407 1721 472 1742 uno
487 1711 656 1752 eodemque
671 1711 773 1750 plano,
788 1709 831 1741 ita
846 1717 882 1741 ut
896 1710 972 1740 dum
987 1720 1097 1748 corpus

267 1754 305 1790 P,
322 1764 427 1784 arcum
443 1753 610 1794 quemlibet
634 1759 671 1784 ut
688 1754 718 1783 V
735 1754 771 1789 P,
795 1753 944 1792 percurrit
966 1752 999 1782 in
1023 1753 1096 1782 orbe

264 1795 440 1836 quiescente
468 1796 499 1826 V
528 1796 565 1833 P,
596 1795 682 1826 aliud
710 1805 820 1834 corpus
846 1805 876 1833 p,
907 1794 1039 1825 similem
1064 1799 1095 1824 et

264 1837 415 1877 aequalem
439 1847 545 1868 arcum
559 1848 582 1868 u
605 1848 636 1877 p,
661 1843 817 1876 percurrat
840 1837 874 1866 in
898 1837 971 1867 orbe
995 1835 1094 1866 revol-

263 1885 352 1910 vente
367 1890 389 1909 u
425 1901 434 1909 .

305 1925 377 1951 445.
403 1890 438 1952 IS'i
454 1921 546 1953 fuerit
562 1922 588 1952 C
604 1922 636 1953 V
650 1921 689 1952 ad
704 1921 904 1963 trajectoriam
917 1921 949 1951 V
966 1920 994 1951 P
1011 1920 1045 1951 K
1059 1920 1093 1950 in

262 1970 378 2003 puncto
395 1964 426 1994 V
439 1964 706 2003 perpendicularis,
733 1965 791 1994 hoc
816 1970 871 2000 est,
898 1963 923 1993 si
947 1963 984 1993 fit
1007 1964 1033 1994 C
1060 1964 1092 1998 V

263 2004 345 2036 linea
359 2006 500 2045 apsidum
515 2005 549 2036 in
562 2007 635 2036 orbe
656 2006 839 2046 quiescente,
863 2011 894 2036 et
914 2015 1091 2044 correspon-

262 2051 338 2078 dens
356 2049 381 2079 C
396 2059 419 2078 u
434 2048 516 2078 linea
529 2048 670 2087 apsidum
684 2048 716 2077 in
732 2049 805 2078 orbe
825 2047 1006 2083 revolvente,
1023 2057 1091 2077 mo-

262 2095 312 2120 tus
326 2090 482 2130 angularis
496 2090 585 2120 lineae
603 2091 628 2120 C
640 2101 662 2120 u
683 2090 794 2120 dicitur
815 2089 957 2131 apsidum
977 2094 1090 2127 motus,

261 2132 315 2172 qui
330 2133 361 2162 in
376 2132 590 2172 consequentia
601 2132 647 2169 fit,
663 2132 717 2163 ubi
731 2132 812 2162 linea
828 2132 854 2162 C
869 2143 901 2169 u,
913 2131 946 2161 in
961 2130 1091 2162 eandem

261 2180 379 2213 partem
393 2174 491 2204 fertur
512 2185 585 2204 cum
607 2184 731 2214 corpore
756 2174 793 2211 P,
809 2174 858 2204 vel
873 2184 901 2213 p.
949 2174 989 2204 In
1004 2179 1089 2204 ante-

260 2216 400 2247 cedentia
414 2215 485 2247 vero
499 2216 553 2247 ubi
568 2216 650 2247 linea
666 2217 691 2247 C
707 2227 739 2254 u,
756 2222 787 2247 et
800 2226 911 2256 corpus
928 2216 964 2253 P,
987 2215 1035 2246 vel
1056 2226 1088 2255 p,

260 2268 293 2288 m
305 2258 753 2343 ὃιῗὲἒςὲἳῗῖἒιῖιὲῗιαῒφῗιῃῗίἓὲἒ
763 2304 789 2333 C
795 2312 828 2341 1²·
852 2303 995 2332 describit.
1043 2300 1090 2332 Sit

263 2343 295 2373 V
309 2354 330 2382 p
346 2354 366 2373 n
381 2353 474 2373 curva
488 2353 581 2384 quam
596 2354 706 2383 corpus
720 2354 740 2382 p
756 2343 789 2373 in
803 2345 875 2373 orbe
895 2342 1002 2373 mobili
1023 2353 1045 2373 u
1067 2354 1088 2382 p

260 2385 419 2416 revolvens
447 2386 596 2422 describit,
620 2392 726 2416 centro
749 2386 784 2421 C,
811 2385 970 2415 intervallo
997 2385 1023 2416 C
1050 2385 1087 2421 P,

259 2427 308 2457 vel
326 2428 352 2458 C
367 2438 398 2467 p,
414 2427 602 2458 describatur
616 2427 721 2458 circuli
744 2437 833 2457 arcus
858 2428 884 2458 P
898 2438 919 2466 p
933 2437 963 2467 q,
979 2432 1089 2467 agatur

259 2469 365 2499 radius
383 2470 408 2500 C
427 2470 458 2500 R
472 2472 577 2501 orbem
592 2470 799 2511 quiescentem
823 2469 854 2500 V
877 2469 906 2500 P
929 2469 962 2499 K
983 2479 1088 2499 secans

261 2511 296 2541 in
313 2512 358 2549 K,
370 2518 401 2545 et
414 2512 519 2542 radius
535 2513 562 2543 C
576 2523 606 2552 q,
628 2511 832 2553 trajecton'am
848 2512 879 2542 V
893 2521 914 2550 p
929 2521 961 2548 n,
982 2521 1087 2541 secans

254 2553 292 2583 in
307 2564 338 2591 n,
354 2554 474 2594 sintque
491 2554 535 2591 K,
551 2564 582 2590 n,
605 2555 673 2584 loca
694 2553 725 2583 in
747 2554 859 2594 quibus
879 2554 988 2584 eodem
1008 2559 1087 2583 tem-

257 2606 333 2635 pore
361 2596 555 2635 reperiuntur
583 2606 709 2635 corpora
740 2595 778 2632 P,
799 2607 838 2635 p,
866 2595 900 2626 id
921 2601 975 2631 est,
998 2605 1086 2625 arcus
1131 2595 1201 2625 Cor.
1220 2594 1308 2624 Lem.
1324 2593 1371 2633 4.)
1395 2599 1477 2624 totus
1490 2600 1587 2624 sector
1603 2594 1635 2624 V
1648 2604 1669 2633 p
1686 2594 1722 2628 C,
1739 2600 1784 2624 est
1797 2594 1837 2625 ad
1851 2600 1951 2626 totum

261 2638 290 2668 P
307 2638 351 2675 K,
368 2649 388 2678 p
402 2648 434 2674 n,
451 2638 512 2668 siut
526 2638 634 2669 eodem
649 2644 786 2677 tempore
807 2636 958 2676 descripti.
1006 2637 1087 2668 Nas-
1128 2642 1275 2667 sectorem
1291 2636 1323 2666 V
1338 2636 1365 2667 P
1383 2636 1418 2672 C,
1434 2636 1541 2666 eodem
1556 2642 1693 2676 tempore
1707 2634 1894 2676 descriptum
1917 2638 1950 2668 in

256 2680 399 2711 centibus
420 2682 552 2711 arcubus
575 2680 604 2711 P
629 2681 668 2715 R,
692 2690 713 2719 p
734 2690 762 2720 q,
786 2686 915 2710 sectores
938 2678 967 2709 P
992 2679 1017 2709 C
1042 2678 1085 2715 K,
1128 2677 1199 2708 data
1219 2678 1347 2715 ratione,
1362 2678 1424 2708 sive
1438 2683 1535 2708 sector
1558 2678 1589 2708 V
1616 2688 1636 2716 p
1664 2679 1700 2713 C,
1727 2684 1773 2708 est
1798 2685 1834 2709 ut
1855 2686 1954 2710 sector

258 2732 279 2760 p
298 2723 324 2753 C
339 2732 370 2758 n,
387 2722 519 2762 aequales
532 2728 605 2753 sunt
618 2721 705 2752 factis
719 2721 740 2762 ᾖ
757 2722 785 2752 P
802 2722 828 2752 C
842 2726 876 2760 χ
892 2721 920 2752 P
937 2721 975 2755 R,
989 2719 1011 2761 ἑ
1024 2730 1045 2760 p
1059 2721 1092 2751 C,
1129 2721 1162 2750 V
1185 2720 1214 2751 P
1238 2721 1275 2757 C,
1299 2719 1485 2760 proindeque
1509 2722 1578 2760 (per
1594 2719 1684 2759 Prop.
1707 2719 1746 2759 1.)
1773 2727 1809 2752 ut
1830 2727 1953 2760 tempus

261 2769 294 2801 ><
312 2775 333 2803 p
348 2775 387 2804 q3
411 2763 548 2805 adeoque
571 2766 611 2795 ob
635 2774 656 2803 p
682 2765 708 2794 C
726 2782 765 2794 =
783 2764 811 2795 P
838 2764 864 2795 C
889 2768 1018 2794 sectores
1038 2762 1083 2792 illi
1125 2772 1187 2803 quo
1202 2769 1300 2792 sector
1314 2769 1442 2802 uterque
1457 2761 1643 2792 describitur.
1689 2762 1792 2798 Quare
1807 2762 1952 2794 manifes-

258 2814 330 2836 sunt
345 2807 424 2836 iuter
437 2817 470 2837 se
484 2812 520 2837 ut
534 2816 622 2837 arcus
639 2806 667 2837 P
684 2806 724 2843 R,
741 2816 762 2845 p
783 2817 812 2846 q,
836 2815 891 2836 seu
915 2810 952 2835 ut
976 2804 1085 2844 anguli
1125 2810 1194 2834 tum
1208 2809 1254 2834 est
1275 2805 1344 2844 (per
1360 2804 1450 2842 Prop.
1468 2802 1515 2842 2.)
1538 2803 1620 2843 quod
1635 2813 1745 2843 corpus
1766 2815 1797 2843 p,
1823 2811 1952 2846 cogente

263 2847 290 2877 P
309 2849 334 2878 C
353 2848 395 2885 K,
412 2859 432 2888 p
451 2849 476 2879 C
493 2859 536 2887 n;
559 2848 613 2879 sed
627 2848 774 2889 quoniam
788 2847 921 2888 angulus
937 2846 968 2876 V
991 2846 1018 2876 C
1041 2846 1084 2880 K.
1123 2847 1215 2887 justae
1229 2845 1405 2885 quantitatis
1427 2845 1457 2875 vi
1481 2845 1647 2884 centripetzi
1670 2846 1782 2877 revolvi
1805 2847 1899 2886 possit
1918 2847 1951 2877 in

258 2895 303 2918 est
318 2890 356 2919 ad
371 2891 521 2931 angulum
539 2891 569 2920 V
588 2891 613 2921 C
629 2901 660 2927 n,
687 2890 720 2920 in
745 2890 816 2921 data
839 2889 956 2920 ratione
980 2887 1088 2929 anguli
1129 2887 1221 2918 curvz'i
1235 2886 1316 2917 linefi
1333 2887 1364 2917 V
1377 2897 1398 2926 p
1412 2897 1442 2922 n,
1468 2897 1559 2927 quam
1582 2894 1732 2930 punctum
1758 2899 1780 2928 p
1804 2887 1952 2928 perpetuo

261 2930 291 2960 V
321 2932 347 2961 C
376 2932 412 2966 P,
438 2933 477 2962 ad
499 2933 650 2973 angulum
677 2933 708 2962 V
732 2932 758 2963 C
783 2942 804 2971 p
830 2933 897 3004 {per
917 2930 1008 2970 hyp.)
1031 2930 1088 2960 erit
1127 2929 1236 2969 tangit.
1284 2927 1380 2959 Ροιτὸ
1394 2929 1465 2959 dato
1479 2930 1551 2959 orbe
1567 2930 1597 2959 V
1614 2929 1642 2960 P
1659 2930 1701 2967 K,
1714 2937 1745 2960 et
1755 2930 1866 2960 virium
1879 2940 1951 2961 cen-

260 2971 424 3003 dividendo
438 2974 572 3014 angulus
588 2975 618 3004 V
636 2975 662 3005 C
678 2974 710 3004 K
725 2991 768 2999 —
784 2974 814 3005 V
874 2973 912 3010 P,
927 2972 967 3002 ad
988 2982 1087 3013 angu-
1128 2977 1177 3002 tro
1194 2971 1231 3008 C,
1248 2970 1338 3002 datur
1351 2970 1512 3011 longitudo
1527 2977 1556 3000 et
1570 2971 1679 3010 positio
1694 2972 1783 3003 lineae
1797 2973 1822 3003 C
1843 2971 1881 3009 P,
1897 2981 1952 3011 per

260 3014 328 3044 lum
345 3015 375 3044 V
389 3015 415 3045 C
430 3025 451 3044 n
466 3033 509 3039 -—
525 3017 554 3045 V
573 3017 598 3047 C
615 3027 644 3055 p,
661 3017 719 3046 hoc
733 3021 788 3053 est,
803 3014 936 3056 angulus
952 3014 1023 3045 Pssc
1041 3014 1085 3051 K,

259 3055 299 3086 nd
315 3055 464 3096 angulum
476 3067 496 3096 p
511 3058 536 3088 C
552 3068 583 3096 n,
595 3058 628 3089 in
639 3057 710 3090 datin
721 3058 837 3093 ratione
848 3056 956 3099 anguli
968 3057 998 3089 V
1008 3056 1034 3088 C
1048 3056 1077 3088 P

1130 3013 1328 3054 (superiorem
1340 3013 1441 3043 Newt.
1454 3013 1582 3052 constr.)
1598 3013 1727 3054 ideoque
1741 3025 1771 3045 et
1783 3014 1873 3044 lineae
1885 3014 1949 3052 Cp,

1129 3061 1159 3087 et
1173 3055 1244 3087 hinc
1258 3055 1348 3087 datur
1361 3061 1512 3095 punctum
1526 3055 1684 3096 quodlibet
1696 3066 1726 3095 p,
1738 3055 1771 3086 in
1782 3054 1951 3097 trajecten-ia

1997 3465 2010 3476 ἱ

2051 3232 2077 3542 *Qfflsf
2066 3053 2081 3219 Aufflae‘ss*
2073 3031 2081 3044 -s
2074 2915 2084 2921 Ι
2070 2862 2085 2903 κς.
2060 2770 2086 2850 ἔμω
2080 2739 2082 2742 ,
