2086 3542
269 265 350 302 362
676 259 1121 303 PHILOSOPHIAE
1151 260 1508 304 NATURALIS
1597 260 1965 312 [Mor.Com²on..

268 374 459 426 LXXI.)
519 373 575 415 Et
594 373 880 428 componendo
900 374 972 415 fiet
991 388 1149 414 summa
1168 373 1468 423 attractionum,
1482 373 1563 414 hoc
1575 380 1638 414 est
1656 372 1844 414 attractio
1862 363 1959 415 σοι-ζ

264 444 425 500 pusculi
442 444 486 486 in
504 444 710 498 sphaeram
730 452 871 495 totam,
895 445 938 485 in
958 444 1101 485 eadem
1120 444 1291 485 ratione.
1351 445 1406 494 Q.
1428 459 1463 486 e.
1485 444 1525 485 d.

325 516 452 556 Corol.
477 520 514 555 1.
547 514 663 555 Hinc
683 514 726 554 in
745 514 969 569 aequalibus
989 513 1192 554 distantiis
1212 529 1238 554 a
1257 513 1406 554 centris
1418 513 1766 570 homogenearum
1780 512 1962 568 sphaera-

265 589 358 624 r'um
377 584 637 625 attractiones
658 592 753 625 sunt
771 592 818 624 ut
837 583 1023 638 sphaerae.
1072 584 1195 624 'Nam
1216 586 1306 638 (per
1321 586 1454 637 Prop.
1471 583 1684 636 LXXII.)
1706 584 1739 624 si
1753 584 1964 626 distantiae

267 661 364 694 sunt
381 653 708 708 proportionales
729 652 936 693 diametris
958 652 1225 706 sphaerarum,
1256 652 1363 693 vires
1393 659 1514 693 erunt
1544 660 1591 693 ut
1619 653 1820 694 diametri.
1876 653 1964 696 Mi-

267 727 419 766 nuat'ur
437 724 630 766 distantia
648 724 779 778 major
798 723 841 762 in
861 721 929 762 illa
949 722 1107 763 ratione
1118 738 1130 771 3
1161 729 1214 771 et,
1236 721 1437 763 distantiis
1460 723 1549 776 jam
1576 721 1691 764 factis
1722 723 1962 779 aequalibus,

265 794 481 850 augebitur
500 794 687 836 attractio
706 793 751 832 in
771 791 978 846 duplicate
998 791 1067 832 illa
1088 791 1269 841 ratione3
1299 791 1475 847 ideoque
1495 792 1572 833 erit
1600 792 1654 832 ad
1682 793 1966 836 attractionem

265 863 435 905 alteram
455 865 499 904 in
519 862 719 917 triplicate
740 861 809 903 illa
829 862 999 911 ratione,
1021 861 1101 902 hoc
1121 869 1196 911 est,
1218 861 1261 902 in
1280 861 1438 902 ratione
1459 861 1727 916 sphaerarum.

325 934 454 975 Corol.
477 938 516 973 2.
548 933 600 974 In
620 932 820 973 distantiis
841 931 1048 986 quibusvis
1069 930 1330 972 attractiones
1350 938 1445 972 sunt
1470 939 1517 972 ut
1547 931 1721 986 sphaerae
1751 932 1967 987 applicatae

265 1003 315 1058 (²)
337 1002 391 1043 ad
410 1002 609 1056 quadrata
629 1002 925 1043 distantiarum.
1077 1002 1081 1005 ’

323 1074 452 1117 Cot-ol.
476 1080 515 1115 3.
549 1074 594 1115 Si
615 1073 915 1128 corpusculum,
939 1081 1056 1114 extra
1075 1073 1277 1127 sphaeram
1296 1073 1597 1130 homogeneam
1617 1073 1809 1127 positum,
1840 1072 1969 1114 trahi-

264 1152 332 1185 tur
350 1144 391 1185 vi
410 1143 619 1199 reciproce
648 1143 947 1198 proportionali
977 1143 1177 1199 quadrato
1209 1143 1412 1184 distantiae
1443 1157 1529 1184 suae
1565 1142 1618 1183 ab
1648 1143 1776 1197 ipsius
1810 1147 1966 1193 centro,

264 1222 423 1256 constet
442 1223 579 1256 autem
599 1214 760 1269 sphaera
781 1229 834 1256 ex
853 1214 1060 1268 particulis
1081 1214 1328 1263 attractivis3
1360 1214 1413 1269 (P)
1435 1209 1645 1255 decrescet
1662 1214 1723 1255 vis
1753 1212 1967 1268 particulas

264 1288 457 1342 cujusque
476 1287 520 1331 in
540 1285 745 1341 duplicata
765 1286 923 1327 ratione
942 1285 1146 1327 distantiae
1166 1300 1191 1326 a
1209 1284 1420 1339 particula.

495 1453 872 1498 PROPOSITIO
903 1453 1094 1496 LXXV.
1155 1451 1513 1505 THEOREMA
1545 1451 1743 1494 XXXV.

262 1567 309 1607 Si
326 1568 383 1607 ad
399 1567 563 1620 sphoerae
582 1569 689 1609 datae
701 1575 852 1623 puncta
870 1568 1025 1622 singula
1045 1567 1208 1608 tendant
1236 1567 1336 1607 vires
1364 1566 1531 1619 oequales
1557 1566 1792 1618 centripetee,
1825 1566 1973 1606 decres-

321 1643 445 1678 centes
476 1639 520 1679 in
553 1639 755 1691 duplicatci
788 1640 943 1680 ratione
976 1628 1252 1678 distantiarum
1286 1651 1313 1675 a
1338 1636 1497 1689 punctis
1512 1657 1528 1682 ;
1565 1636 1651 1676 dico
1681 1637 1785 1689 quod
1812 1636 1973 1689 fflhaera

320 1710 464 1761 qucevz's
482 1710 567 1751 alia
587 1710 774 1751 similaris
792 1710 843 1750 ab
862 1708 994 1750 eedem
1013 1708 1232 1748 attrahitur
1251 1707 1291 1747 vi
1309 1703 1502 1759 reciproce*
1521 1706 1818 1759 proportionali
1845 1706 1972 1759 quad-

319 1787 408 1822 rato
428 1783 629 1823 distantia·
646 1789 872 1823 centrorum.

323 1893 436 1935 Nam
456 1894 671 1948 particulae
692 1894 869 1949 cujusvis
890 1893 1077 1935 attractio
1097 1900 1160 1934 est
1178 1890 1387 1946 reciproce
1417 1899 1461 1932 ut
1494 1890 1740 1946 quadratum
1771 1890 1976 1933 distantiae

263 1980 350 2006 suae
374 1980 398 2006 a
419 1973 563 2006 centro
586 1965 759 2020 sphaerae
779 1964 991 2014 trahentis,
1016 1966 1107 2018 (per
1129 1963 1255 2016 Prop.
1278 1961 1511 2012 LXXIV.)
1533 1969 1574 2002 et
1592 1968 1812 2015 propterea
1831 1961 1978 2017 eadem

263 2046 338 2087 est,
367 2051 415 2077 ac
436 2037 469 2077 si
488 2036 549 2078 vis
570 2045 657 2078 tota
676 2036 883 2078 attrahens
904 2043 1088 2076 manaret
1108 2034 1160 2075 de
1181 2033 1425 2088 corpusculo
1445 2033 1567 2074 unico
1588 2033 1667 2074 sito
1685 2033 1730 2073 in
1745 2041 1888 2075 centro
1898 2033 1978 2076 hu-

254 2109 326 2163 jus
348 2107 536 2162 sphaerae.
602 2108 712 2149 Haec
733 2116 870 2149 autem
890 2106 1078 2148 attractio
1097 2113 1211 2146 tanta
1230 2113 1304 2155 est,
1336 2112 1488 2160 quanta
1507 2104 1614 2146 foret
1631 2104 1809 2146 vicissim
1828 2112 1977 2148 attrac-

261 2179 322 2220 tio
344 2179 581 2233 corpusculi
601 2179 796 2234 ejusdem,
819 2179 853 2219 si
873 2179 999 2219 modo
1018 2178 1121 2218 illud
1141 2193 1166 2218 a
1185 2177 1355 2234 singulis
1376 2176 1549 2231 sphaerae
1568 2185 1751 2218 attractae
1764 2177 1976 2231 particulis

265 2249 411 2292 eadem
433 2251 473 2292 vi
493 2250 739 2301 traheretur,
762 2251 841 2306 qua
861 2251 970 2305 ipsas
991 2249 1169 2291 attrahit.
1231 2249 1357 2290 Foret
1385 2257 1522 2290 autem
1552 2249 1624 2290 illa
1653 2249 1886 2304 corpusculi
1913 2257 1976 2293 at-

260 2324 408 2365 tractio
429 2328 521 2379 (per
543 2325 667 2380 Prop.
695 2325 927 2378 LXXIV.)
958 2323 1168 2379 reciproce
1192 2324 1510 2379 proportionalis
1540 2321 1741 2380 quadrato
1771 2325 1975 2369 distantiae

262 2411 349 2437 suae
369 2412 394 2437 a
416 2405 557 2439 centro
581 2396 783 2452 sphaerae3
814 2398 989 2454 ideoque
1008 2396 1105 2438 huic
1125 2396 1293 2453 aequalis
1306 2396 1494 2439 attractio
1509 2395 1685 2451 sphaerae
1697 2404 1758 2438 est
1772 2397 1816 2438 in
1830 2396 1974 2440 eadem

261 2463 429 2510 ratione.
490 2470 538 2524 (⁶)
562 2470 616 2519 Q.
638 2485 673 2511 e.
695 2470 735 2511 d.

1149 2611 1304 2653 duplicata
1324 2612 1537 2644 distantiarum
1557 2623 1576 2644 a
1600 2612 1756 2652 partimus
1779 2612 1974 2650 decresceret.

1150 2656 1367 2695 corpusculum
1382 2662 1467 2686 extra
1481 2656 1628 2694 sphaeram
1643 2654 1843 2685 constitutum
1863 2655 1975 2696 majori

1149 2697 1198 2727 vel
1213 2698 1325 2728 minori
1339 2697 1368 2727 vi
1383 2697 1554 2728 traheretur
1566 2707 1659 2737 quam
1672 2695 1833 2735 reciproce
1848 2702 1974 2738 propot-

1148 2739 1257 2770 tionali
1273 2739 1420 2780 quadrato
1435 2739 1587 2770 distantiae
1601 2749 1621 2769 a
1634 2744 1739 2769 centro
1752 2739 1888 2777 sphaerae.
1969 2739 1971 2742 ⁴

262 2651 267 2656 .
311 2609 358 2651 (²)
384 2613 401 2631 ⁹
425 2612 477 2642 Ad
493 2614 646 2653 quadrata
661 2615 884 2646 distantiarum.
911 2614 994 2645 Nam
1006 2624 1106 2654 atqua*

261 2651 349 2682 2ibus
363 2652 529 2692 distantiis,
546 2656 741 2686 attractiones
755 2662 828 2687 sunt
842 2663 879 2687 ut
899 2657 1024 2695 sphaera:
1040 2658 1108 2697 (per

265 2693 341 2724 Cor.
363 2695 414 2734 l.)
439 2702 471 2726 et
485 2697 655 2736 oequalibus
669 2699 802 2736 sphaeris,
826 2698 1018 2729 attractiones
1031 2704 1104 2728 sunt

263 2742 298 2765 ut
316 2737 467 2776 quadrata
482 2738 697 2769 distantiarum
711 2751 731 2771 a
745 2740 856 2770 centris
869 2739 1020 2779 reciproce
1036 2742 1104 2781 (per

265 2776 364 2816 Prop.
385 2779 455 2819 74.)
502 2779 608 2816 Quare
628 2781 816 2814 variantibus
841 2782 966 2821 sphaeris
988 2787 1018 2812 et
1041 2781 1102 2812 dis-

262 2820 369 2850 tantiis
398 2821 502 2858 simul,
534 2824 727 2854 attractiones
755 2830 828 2855 sunt
850 2830 887 2855 ut
915 2825 1041 2864 sphaerae
1063 2823 1103 2854 ad

264 2861 415 2900 quadrata
431 2863 647 2895 distantiarum
663 2866 832 2905 applicatae.

307 2902 353 2942 (¹²)
383 2907 398 2922 ⁹
426 2906 583 2937 Decrescet
613 2909 655 2938 vis
675 2910 836 2948 particulae
863 2908 1016 2949 caiusque,
1046 2908 1103 2938 διο.

267 2943 351 2974 Nam
371 2955 444 2975 cum
461 2948 507 2977 vis
522 2950 675 2979 attracti-ix
699 2950 838 2981 absoluta
857 2950 1019 2990 quantitati
1040 2959 1106 2980 ma·
1130 2956 1131 2959 ’

264 2985 350 3015 teriae
367 2990 608 3026 proportionalis
623 3000 823 3031 supponatur,
846 2993 870 3022 si
886 2991 930 3021 vis
944 2992 1106 3031 particula-

267 3037 337 3058 rum
354 3030 483 3068 apharae
498 3031 531 3061 in
547 3033 654 3073 majori
674 3034 722 3064 vel
744 3034 855 3064 minori
875 3035 992 3064 ratione
1013 3043 1107 3076 quam

1189 2781 1233 2823 (ε)
1257 2785 1275 2803 ⁴
1302 2784 1337 2816 Q.
1355 2793 1380 2812 e.
1397 2784 1427 2812 d.
1475 2780 1704 2813 Demonstratio
1728 2780 1840 2811 clarius
1862 2780 1976 2812 intelli-

1146 2823 1229 2864 gitur
1250 2823 1387 2863 apposite
1409 2822 1517 2864 figure.
1573 2822 1698 2861 Sphaera
1714 2823 1743 2853 A
1761 2823 1910 2862 spbaeram
1934 2822 1975 2853 si-

1147 2865 1287 2896 milarem
1320 2865 1347 2895 Β
1377 2866 1515 2900 attrahat,
1545 2870 1576 2894 et
1608 2864 1654 2895 vis
1686 2864 1878 2895 acceleratrix
1913 2864 1976 2906 que

1148 2903 1274 2947 sphaerae
1303 2907 1331 2939 B
1356 2905 1506 2946 particula
1530 2906 1644 2946 quaevis
1671 2906 1700 2937 P
1723 2906 1757 2936 in
1781 2912 1922 2937 centrum
1948 2907 1975 2937 C

1149 2950 1274 2988 sphaerae
1291 2950 1323 2979 A
1337 2955 1466 2988 urgetur
1488 2954 1534 2984 est
1556 2947 1708 2987 reciproce
1731 2954 1768 2979 ut
1791 2947 1975 2988 quadratum

1149 2991 1298 3021 distantiae
1326 2990 1354 3021 P
1371 2991 1398 3021 C
1421 3000 1440 3020 a
1464 2996 1569 3020 centro
1591 2992 1717 3029 sphaeroe
1740 2989 1884 3021 trahentis
1907 2991 1976 3031 (per

1152 3033 1245 3073 Prop.
1264 3032 1333 3073 74.)
1358 3038 1388 3063 et
1408 3031 1567 3072 propterea}
1586 3032 1694 3063 eadem
1709 3037 1755 3063 cst
1767 3042 1804 3063 ac
1817 3032 1843 3063 si
1855 3031 1901 3063 vis
1912 3037 1976 3064 totu
