2086 3542
170 234 249 273 168
516 215 967 267 PHILOSOPHIAE
996 211 1369 258 NATURALIS.
1475 206 1626 262 [Mor.
1657 205 1865 250 comma.

184 342 189 345 ”
221 343 274 385 In
291 339 372 383 hac
389 338 683 396 propositione,
713 343 756 378 et
773 349 870 376 casu
885 331 1065 376 secundo
1089 324 1380 385 propositionis
1399 322 1619 379 superioris
1652 326 1865 362 construe-

168 417 295 463 tiones
314 411 470 455 eaedem
485 417 591 461 sunt,
622 409 704 450 sive
722 414 835 449 recta
855 406 901 447 X
913 403 954 446 Y
972 399 1244 458 trajectoriam
1258 404 1368 439 secet
1399 395 1444 436 in
1465 393 1511 436 X
1529 400 1573 435 et
1590 392 1645 443 Y,
1677 391 1761 433 sive
1780 404 1866 432 non

168 491 296 535 secet3
327 497 468 539 eaeque
486 495 571 522 non
589 478 772 535 pendent
797 476 849 518 ab
867 474 948 516 hac
978 472 1169 515 sectione.
1233 467 1315 511 Sed
1334 462 1622 508 demonstratis
1652 468 1866 503 construc-

167 556 346 599 tionibus
365 554 437 596 ubi
455 559 567 594 recta
584 550 655 591 illa
679 546 951 603 trajectoriam
986 549 1108 593 secat,
1138 542 1398 581 innotescunt
1431 533 1764 582 constructiones,
1794 530 1867 572 ubi

166 641 250 670 non
270 634 404 675 secat3
434 624 563 680 iisque
581 621 688 663 ultra
706 614 1034 673 demonstrandis
1045 610 1254 654 brevitatis
1273 606 1403 665 gratia
1418 620 1503 647 non
1523 605 1732 646 immoror.

813 825 1045 874 LEMMA
1077 822 1235 875 XXII.

518 1000 688 1054 Figuras
706 997 750 1037 in
769 993 874 1035 alias
891 991 1054 1045 ejusdem
1076 987 1230 1044 generis
1244 985 1406 1040 figuras
1419 986 1581 1024 mutare.

231 1157 566 1205 Transmutanda
585 1156 637 1198 sit
654 1155 788 1212 figura
821 1143 973 1208 quaevis
995 1147 1044 1189 H
1065 1146 1109 1189 G
1139 1145 1174 1188 I.
1232 1145 1452 1187 Ducantur
1484 1154 1566 1197 pro
1599 1139 1733 1181 lubitu
1752 1145 1876 1181 rectae

171 1233 265 1275 duae
289 1229 496 1287 parallelae
517 1228 559 1269 A
579 1227 633 1278 O,
656 1225 695 1266 B
715 1208 926 1266 Ltertiam
945 1217 1128 1276 quamvis
1139 1214 1340 1271 positione
1359 1213 1498 1254 datam
1513 1212 1554 1253 A
1576 1208 1613 1252 B
1634 1216 1814 1251 secantes
1832 1209 1876 1251 in

163 1301 204 1343 A
215 1309 218 1315 ’
230 1310 271 1344 et
291 1302 342 1353 B,
364 1308 406 1342 et
425 1316 450 1341 a
468 1299 613 1356 figuroe
631 1302 786 1351 puncto
806 1292 947 1350 quovis
969 1290 1025 1341 G,
1047 1288 1101 1330 ad
1115 1293 1269 1328 rectam
1289 1285 1330 1326 A
1346 1284 1384 1326 B
1403 1283 1577 1325 duc'atur
1591 1282 1743 1339 quaevis
1760 1281 1804 1324 G
1817 1280 1875 1332 D,

168 1373 252 1429 ipsi
291 1372 333 1415 O
367 1370 408 1412 A
435 1368 642 1425 parallela.
702 1364 869 1408 Deinde
906 1378 932 1405 a
963 1367 1117 1417 puncto
1151 1357 1288 1413 aliquo
1318 1354 1374 1406 O,
1421 1355 1467 1396 in
1492 1354 1602 1397 linea
1633 1353 1674 1396 O
1695 1354 1737 1396 A
1764 1353 1877 1405 dato,

172 1443 225 1485 ad
244 1449 444 1497 punctum
456 1440 500 1482 D
517 1439 690 1480 dueatur
708 1450 796 1477 rec-

173 1518 215 1552 ta
236 1510 277 1552 O
297 1510 355 1560 D,
377 1508 455 1563 ipsi
470 1508 507 1549 B
523 1506 562 1548 L
577 1518 795 1547 occurrens

173 1581 218 1622 in
236 1580 278 1631 d,
310 1587 350 1621 et
369 1594 394 1621 a
426 1585 580 1633 puncto
600 1589 793 1617 occursus

175 1649 355 1706 erigatur
388 1655 500 1689 recta
537 1646 565 1687 d
594 1660 624 1702 g
651 1644 792 1686 datum

175 1718 358 1775 quemvis
376 1715 575 1773 angulum
589 1729 684 1756 cum
703 1726 792 1754 rec-

175 1788 218 1831 ta
259 1789 296 1830 B
328 1788 365 1829 L
403 1787 628 1836 continens,
672 1791 793 1839 atque

178 1873 267 1901 eam
305 1858 462 1899 habens
496 1856 696 1898 rationem
739 1852 793 1894 ad

179 1927 221 1970 O
251 1926 280 1967 d
299 1940 421 1982 quam
448 1924 574 1966 habet
592 1923 637 1965 D
669 1921 712 1965 G
740 1919 794 1962 ad

180 1997 222 2040 Ο
242 1997 311 2046 D;
341 2003 382 2038 et
396 1995 473 2037 erit
491 2009 520 2052 g
538 2001 736 2049 punctum
749 1993 794 2033 in

178 2067 312 2125 figura
340 2065 447 2108 nova
474 2064 506 2106 h
533 2080 562 2122 g
590 2064 605 2105 i
641 2070 796 2118 puncto

179 2136 226 2178 G
291 2134 556 2190 respondens.
637 2131 796 2175 Eadem

181 2206 339 2248 ratione
371 2212 526 2261 puncta
558 2203 719 2260 singula
747 2203 797 2244 fi-
1517 2221 1571 2252 κῃ,

181 2291 298 2333 gurae
317 2276 463 2331 primae
492 2274 649 2316 dabunt
666 2288 797 2329 punc·
823 2271 866 2313 A
1526 2269 1577 2314 D
1776 2286 1778 2288 ·
1840 2275 1864 2317 1

185 2355 228 2388 ta
274 2345 447 2388 totidem
497 2345 644 2403 figurae
670 2359 801 2387 novae.
862 2347 1046 2403 Concipe
1103 2348 1229 2406 igitur
1272 2350 1471 2403 punctum
1530 2347 1573 2390 G
1625 2329 1742 2391 motu
1791 2363 1887 2391 con-

188 2416 305 2457 tinuo
334 2431 576 2471 percurrere
605 2423 760 2471 puncta
807 2418 946 2459 omnia
983 2419 1129 2474 figurae
1181 2418 1340 2473 primae,
1391 2426 1432 2459 et
1463 2426 1662 2474 punctum
1691 2434 1722 2476 g
1772 2427 1887 2461 motu

188 2486 330 2528 itidem
351 2487 545 2529 continuo
564 2494 777 2542 percurret
795 2496 948 2542 puncta
963 2489 1102 2530 omnia
1120 2488 1265 2544 figurae
1279 2503 1398 2529 novae
1419 2496 1462 2529 et
1480 2488 1652 2531 eandem
1672 2488 1890 2532 describet.

191 2556 480 2599 Distinctionis
503 2556 637 2615 gratia
656 2557 914 2599 nominemus
935 2557 980 2600 D
1011 2558 1054 2600 G
1075 2558 1304 2599 ordinatum
1332 2557 1519 2612 primam,
1550 2559 1581 2600 d
1608 2573 1639 2616 g
1657 2558 1889 2603 ordinatam

192 2641 366 2678 novam3
398 2628 439 2669 A
454 2626 501 2669 D
530 2627 747 2670 abscissam
775 2628 964 2683 primam,
995 2643 1019 2670 a
1041 2629 1071 2670 d
1093 2628 1311 2669 abscissam
1335 2642 1509 2679 novam;
1541 2628 1583 2670 O
1596 2629 1752 2684 polum,
1785 2630 1828 2673 O
1842 2630 1888 2673 D

191 2696 352 2738 radium
385 2697 706 2749 abscindentem,
739 2698 780 2740 O
801 2699 842 2740 A
861 2698 1021 2740 radium
1051 2697 1285 2740 ordinatum
1302 2698 1494 2753 primum,
1530 2706 1572 2741 et
1592 2698 1633 2741 O
1652 2715 1678 2741 a
1698 2703 1798 2757 (quo
1815 2715 1888 2757 pa-

194 2765 566 2823 rallelogrammum
587 2767 629 2811 Ο
649 2769 690 2810 Α
704 2767 741 2809 Β
761 2784 787 2809 a
805 2769 1049 2824 completur)
1071 2768 1232 2810 radium
1243 2769 1477 2810 ordinatum
1495 2783 1661 2810 novum.

253 2835 361 2877 Dico
374 2838 461 2891 jam
481 2838 605 2894 quod,
637 2839 671 2880 si
690 2846 889 2893 punctum
910 2839 952 2881 G
983 2839 1116 2896 tangit
1147 2846 1301 2880 rectam
1334 2839 1485 2880 lineam
1513 2840 1718 2894 positione
1737 2840 1889 2894 datam,

197 2912 394 2983 punctum
413 2921 441 2962 g
460 2914 599 2964 tanget
630 2909 752 2950 etiam
777 2909 928 2952 lineam
946 2917 1100 2952 rectam
1119 2910 1321 2966 positione
1340 2909 1491 2952 datam.
1552 2911 1598 2953 Si
1627 2920 1827 2968 pimctum
1848 2913 1892 2956 G

199 2982 345 3052 tangit·
364 2976 545 3017 conicum
576 2981 797 3022 sectionem
820 2987 1019 3036 punctum
1038 2995 1068 3038 g
1086 2975 1238 3038 tanget
1263 2980 1386 3022 etiam
1424 2981 1608 3023 conicum
1656 2983 1893 3031 sectionmn.

204 3043 367 3087 comem
387 3045 631 3089 sectionibus
651 3048 718 3091 hic
737 3051 934 3094 circulum
955 3065 1192 3094 annumero.
1253 3051 1385 3093 Porro
1404 3051 1437 3093 si
1465 3059 1662 3107 punctum
1686 3054 1729 3096 G
1765 3031 1893 3112 tangit
