2086 3542
175 254 339 300 trans.
349 257 551 310 Momm]
617 253 939 298 PRINCIPIA
968 252 1462 301 MATHEMATICA.
1824 264 1876 303 4³

161 365 399 408 velocitates
413 364 594 421 partium
608 364 838 406 rotularum
856 363 902 404 in
921 377 1023 419 quas
1042 362 1350 417 imprimuntur,
1368 364 1632 408 sustinebunt
1650 383 1694 409 se
1713 369 1874 414 mutuo.

161 433 235 491 (ἰ)
256 437 332 478 Vis
363 435 543 477 cochleae
574 435 628 476 ad
656 433 931 490 premendum
964 447 1114 487 corpus
1149 441 1212 474 est
1240 432 1294 475 ad
1325 433 1409 475 vim
1442 434 1590 476 maniis
1610 438 1873 483 manubrium

160 506 488 563 circumagentis,
518 515 566 547 ut
599 505 808 546 circularis
842 503 1037 545 velocitas
1070 503 1277 544 manubrii
1311 502 1358 544 ea
1392 504 1437 544 in
1464 513 1597 559 parte·
1613 507 1685 548 ubi
1702 523 1728 548 a
1745 523 1875 552 manu

161 583 344 633 urgetur,
376 572 430 616 ad
463 576 721 618 velocitatem
754 574 1059 631 progressivam
1089 572 1271 614 cochleae
1303 588 1447 615 versus
1481 589 1631 630 corpus
1669 591 1872 631 pressum.

159 650 175 702 (
190 658 210 683 k
226 647 257 699 )‘
271 646 393 687 Vires
423 647 571 702 quibus
604 646 772 687 Cuneus
792 652 915 701 urget
932 651 1071 699 partes
1091 643 1194 684 duas
1214 643 1321 700 ligni
1335 644 1430 685 fissi*
1443 653 1540 686 sunt
1559 646 1613 687 ad
1632 648 1715 688 vim
1734 650 1874 692 mallei

157 717 201 758 in
222 731 412 767 cuneum,
446 725 493 758 ut
519 731 764 773 progressus
794 715 915 756 cunei
945 713 1172 756 secundum
1194 713 1580 757 determinationem
1598 717 1660 758 vis
1679 733 1706 759 a
1722 720 1874 762 malleo

158 787 202 828 in
233 787 369 842 ipsum
399 787 624 842 impressae,
653 786 708 827 ad
726 785 985 827 velocitatem
1004 783 1085 839 quii
1104 791 1242 838 partes
1261 783 1365 840 ligni
1384 785 1540 827 cedunt
1558 801 1703 839 0111100,
1726 804 1872 831 secun-

157 857 258 899 dum
277 857 406 899 lineas
426 857 606 899 faciebus
627 857 747 899 cunei
775 854 1150 911 perpendiculares.
1211 853 1268 895 Et
1284 868 1362 910 par
1381 864 1445 896 est
1462 857 1569 898 ratio
1587 858 1872 903 machinarum

157 928 357 970 omnium.

214 999 383 1041 Harum
403 999 582 1041 efficacia
601 1006 643 1041 et
661 1013 760 1041 usus
780 998 824 1039 in
844 1012 895 1040 eo
915 997 1005 1039 solo
1025 996 1223 1047 consistit,
1254 1004 1302 1038 ut
1320 997 1592 1041 diminuendo
1611 1000 1870 1044 velocitatem

155 1085 379 1127 augeamus
412 1070 509 1121 vim,
541 1078 584 1111 et
614 1078 774 1111 contra:
809 1068 936 1111 Unde
966 1067 1138 1109 solvitur
1165 1067 1211 1108 in
1230 1068 1344 1108 omni
1364 1077 1557 1123 aptorum
1575 1071 1871 1115 instrumento-

154 1155 248 1182 rum
267 1156 421 1198 genere
439 1141 667 1196 problema,
699 1141 849 1181 Datum
863 1140 1020 1193 pondus
1039 1136 1137 1178 data‘
1165 1139 1207 1178 vi
1234 1140 1421 1189 movendi,
1454 1140 1786 1183 aliamve.datam
1805 1158 1871 1186 re-

153 1211 381 1253 sistentiam
400 1211 440 1252 vi
456 1210 550 1252 data
572 1210 807 1265 superandi,
859 1210 970 1251 Nam
990 1208 1025 1250 si
1044 1207 1248 1248 machinae
1266 1209 1325 1249 ita
1338 1208 1581 1260 formentur,
1613 1219 1660 1252 ut
1678 1213 1871 1255 velocita-

153 1290 215 1323 tes
235 1282 394 1338 agentis
415 1290 457 1323 et
474 1281 701 1323 resistentis
732 1281 814 1322 sint
842 1278 1052 1334 reciproce
1082 1285 1128 1319 ut
1146 1278 1272 1328 vires3
1302 1293 1429 1335 agens
1450 1280 1726 1324 resistentiam
1746 1284 1869 1325 susti-

151 1353 283 1408 nebit:
315 1361 357 1394 et
389 1352 535 1408 majori
566 1367 661 1393 cum
695 1351 956 1393 velocitatum
987 1349 1225 1404 disparitate
1246 1347 1317 1404 (¹)
1339 1350 1515 1391 eandem
1534 1352 1682 1394 vincet.
1744 1354 1871 1396 Certe

153 1424 188 1466 si
220 1431 336 1465 tanta
366 1423 419 1465 sit
451 1423 714 1464 velocitatum
745 1422 976 1477 disparitas,
1007 1429 1054 1461 ut
1087 1420 1274 1461 vincatur
1307 1414 1430 1460 etiam
1461 1421 1694 1464 resistentia
1719 1425 1867 1476 omnis,

149 1544 241 1565 suam
269 1534 472 1569 velocitatem,
504 1544 559 1564 seu
589 1533 622 1563 in
645 1533 780 1573 spatium
801 1531 887 1573 quod
914 1531 987 1562 dato
1028 1530 1127 1560 lineas
1148 1528 1286 1560 faciebus
1300 1529 1400 1559 ‘cunei
1414 1530 1693 1569 perpendiculares.
1743 1534 1868 1570 Quoni-

148 1584 288 1616 tempore
302 1574 475 1607 secufflum
488 1575 644 1615 propriam
659 1575 860 1606 directionem
871 1584 909 1604 ex
924 1574 987 1604 dis-
1028 1582 1081 1602 am
1102 1571 1200 1612 igitur
1222 1581 1342 1602 cuneus
1366 1581 1463 1612 agens
1477 1573 1651 1603 secundum
1671 1575 1787 1606 lineam
1801 1578 1868 1608 basi

147 1619 301 1661 positione
336 1618 488 1648 machinae
513 1627 690 1657 percurrere
715 1616 815 1653 debet,
843 1616 987 1647 omnium
1028 1614 1125 1654 ipsius
1138 1613 1432 1653 perpendicularem,
1448 1620 1546 1645 totam
1561 1626 1651 1646 suam
1669 1617 1868 1651 altitudinem

147 1660 362 1694 machinarum
376 1660 455 1690 vires
468 1660 569 1690 metiri
584 1659 666 1691 licet.
1029 1656 1189 1696 percurrit,
1213 1656 1291 1686 dum
1312 1663 1413 1695 partes
1433 1656 1513 1697 ligni
1533 1658 1600 1688 tota
1620 1659 1701 1689 basis
1715 1662 1807 1691 cunei
1821 1662 1868 1693 la-

189 1703 229 1746 (ἰ)
249 1707 319 1734 102.
336 1702 394 1733 Vis
404 1702 537 1733 cochleae
547 1701 588 1733 ad
598 1701 805 1741 premendum
815 1711 928 1741 corpus
938 1707 985 1731 est
1030 1698 1164 1730 titudine
1178 1709 1197 1728 a
1210 1709 1243 1728 se
1257 1698 1390 1728 invicem
1412 1706 1620 1736 removentur,
1647 1701 1705 1732 erit
1730 1703 1776 1743 (in
1791 1714 1866 1735 oesu

145 1745 187 1777 ad
206 1746 271 1776 vim
292 1744 406 1776 maniis
434 1744 634 1775 manubrium
664 1744 909 1785 circumagentis,
943 1749 981 1774 ut
1024 1741 1202 1782 aequilibnii)
1227 1740 1273 1770 vis
1301 1741 1394 1771 cunei
1417 1741 1458 1772 ad
1487 1741 1566 1782 ligni
1594 1743 1806 1782 resistentiam,
1829 1753 1867 1778 ut

145 1788 302 1824 circularis
325 1787 471 1818 velocitas
492 1786 650 1818 manubrii
674 1786 711 1817 ea
730 1787 765 1817 in
785 1793 872 1826 parte
892 1786 946 1817 ubi
962 1796 981 1816 a
1027 1783 1121 1814 cunei
1135 1783 1267 1813 altitudo
1282 1783 1322 1813 ad
1335 1782 1534 1814 latitudinem
1548 1785 1645 1823 ipsius
1658 1787 1748 1817 basis.

144 1840 242 1861 manu
277 1836 416 1871 urgetur,
453 1829 494 1860 ad
528 1829 721 1860 velocitatem
755 1829 980 1870 progressivam
1067 1826 1117 1875 (1)
1144 1829 1212 1856 104.
1234 1825 1437 1856 Attritionem
1452 1836 1508 1856 seu
1522 1826 1708 1864 frictionem,
1725 1829 1864 1871 aliasque

144 1873 279 1904 cochleae
298 1883 403 1903 versus
422 1882 534 1911 corpus
547 1882 697 1911 pressum.
745 1871 830 1902 Nam
851 1871 877 1901 si
891 1871 980 1901 resis-
1023 1870 1208 1899 nes1stentias
1236 1878 1275 1898 ex
1304 1868 1448 1904 crassitie,
1486 1868 1642 1909 rigiditate
1670 1877 1702 1901 et
1736 1872 1865 1904 funium

144 1915 242 1946 tentia
255 1915 390 1954 corporis
410 1914 635 1954 comprimendi
656 1920 694 1945 ut
706 1913 832 1954 pondus
852 1924 981 1944 moven-
1023 1911 1156 1941 flexione
1169 1917 1253 1941 ortas
1265 1910 1299 1940 in
1313 1910 1466 1941 machinis
1486 1911 1680 1943 considerare
1701 1923 1865 1946 noeessum

144 1957 223 1988 dum
251 1956 470 1992 consideretur,
502 1957 559 1987 erit
589 1956 681 1998 (101)
711 1962 907 1989 momentum
936 1956 982 1986 vis
1024 1959 1078 1989 est,
1095 1963 1203 1994 graves
1216 1952 1403 1993 alioquinin
1417 1953 1506 1992 praxi
1520 1964 1637 1984 errores
1651 1964 1860 1989 nascerentur,

143 2000 343 2031 manubrium
364 1998 610 2040 circumagentis,
634 2005 672 2030 ut
691 1999 811 2029 factum
824 2009 862 2029 ex
877 1998 908 2028 vi
922 1998 976 2029 illa
1064 1996 1160 2026 Hanc
1173 1995 1332 2025 difficilem
1355 1995 1519 2026 materiam
1550 1997 1715 2034 sturmius,
1734 1998 1865 2030 Leibni-

131 2041 178 2073 ,in
199 2052 288 2072 suam
309 2041 512 2077 velocitatem,
536 2048 568 2072 et
587 2048 783 2072 momentum
797 2041 978 2072 resistentiae
1020 2039 1084 2070 tius
1101 2038 1322 2074 Amontoniua
1349 2037 1523 2074 Parentius,
1548 2039 1729 2071 La-Hirius
1749 2047 1782 2072 et
1809 2042 1864 2073 alii

143 2090 181 2114 ut
194 2083 314 2114 factum
334 2093 372 2113 ex
393 2084 563 2114 resistentia
576 2084 610 2114 in
624 2094 714 2114 suam
727 2093 851 2124 quoque
865 2083 977 2114 veloci·
1021 2086 1201 2113 nactas-unt.
1259 2080 1464 2120 Bulflngerus
1481 2081 1563 2111 Tom
1587 2085 1631 2111 2⁰·
1680 2083 1858 2115 Comment-

142 2132 254 2161 th;
275 2131 314 2156 ut
337 2124 412 2165 ergo
436 2126 476 2156 sit
501 2126 715 2166 aequilibriurm
739 2126 830 2157 debet
850 2136 915 2156 esse
929 2136 977 2156 re-
1024 2123 1124 2155 Acad.
1140 2122 1297 2162 Petropol.
1313 2123 1544 2153 adtentandam
1556 2124 1776 2162 experimentis
1785 2126 1861 2157 fric-

143 2168 281 2199 sistentia
291 2167 404 2198 advim
413 2167 534 2202 mansis,
546 2174 584 2198 ut
594 2168 750 2198 circularis
757 2168 902 2205 velocitas
910 2179 977 2198 ma.-
1020 2167 1144 2197 tionum
1158 2175 1338 2195 mensuram
1353 2164 1418 2195 duo
1426 2166 1571 2204 proponit
1584 2167 1774 2198 theoremata
1788 2178 1859 2209 quae

142 2210 203 2241 niis
223 2210 264 2240 ad
277 2210 473 2240 velocitatem
487 2210 677 2247 resistemus,
699 2210 763 2240 sive
777 2210 818 2240 ad
831 2210 976 2242 velocia.
1020 2210 1061 2239 ob
1075 2217 1185 2238 eorum
1198 2206 1380 2238 facilitatem
1394 2213 1426 2238 et
1440 2218 1534 2238 usum
1548 2208 1599 2238 hic
1610 2210 1779 2241 exscribere
1794 2221 1859 2242 11011

141 2255 207 2283 tem
219 2253 442 2294 progressivam
464 2251 613 2289 cochleae3
635 2258 691 2287 aut
703 2253 777 2292 quia
789 2260 903 2283 manus
919 2252 977 2283 de·
1020 2253 1075 2282 abs
1089 2260 1123 2280 re
1138 2250 1207 2281 erit.

141 2295 246 2327 scribit
267 2294 422 2326 circulum
446 2295 538 2335 cujus
559 2293 665 2325 radius
678 2300 726 2324 ωε
737 2294 893 2325 manubrii
906 2294 976 2325 lon-

140 2337 260 2379 gitudo,
277 2347 295 2367 e
303 2343 410 2368 centro
423 2336 558 2368 cochleae
568 2346 667 2376 usque
678 2335 718 2367 ad
728 2346 859 2367 manum
869 2347 976 2376 sump-

140 2386 181 2416 ta,
197 2379 276 2411 dum
289 2379 407 2411 interea
420 2379 547 2416 cochlea
560 2389 616 2418 per
629 2378 828 2409 altitudinem
842 2389 898 2409 seu
912 2379 975 2409 dis-

140 2422 271 2453 tantiam
291 2422 427 2454 duarum
439 2421 578 2452 helicum
591 2420 800 2462 progreditur,
824 2421 870 2451 vis
884 2422 976 2452 coch-

139 2463 199 2496 leae
222 2464 263 2496 ad
286 2464 492 2505 premendum
516 2473 629 2504 corpus
653 2463 712 2494 erit
731 2462 772 2493 ad
786 2462 850 2493 vim
863 2463 976 2494 maniis

139 2507 340 2539 manubrium
365 2507 605 2547 circumagentis
625 2511 662 2536 ut
681 2505 855 2546 peripheria
868 2505 976 2536 circuli

141 2550 291 2590 praedioto
312 2549 399 2580 radio
420 2549 564 2588 descripti
577 2548 619 2579 ad
639 2548 819 2579 distantiam
838 2548 974 2579 duarum

138 2592 286 2624 helicum.

183 2633 232 2676 (k)
266 2639 335 2666 105.
364 2635 567 2665 Momentum
595 2633 688 2668 cunei
716 2638 763 2664 est
789 2639 827 2664 ut
854 2633 974 2664 factum

142 2678 247 2719 (101),
269 2687 308 2708 ex
323 2677 354 2707 vi
376 2676 523 2716 impressa
546 2686 565 2706 a
585 2675 699 2706 malleo
719 2676 754 2706 in
774 2676 867 2706 cunei
888 2675 972 2707 velo-

140 2719 274 2754 citatem,
297 2730 354 2750 seu
367 2719 401 2749 in
415 2719 549 2758 spatium
563 2718 646 2759 quod
661 2717 735 2748 dato
749 2724 888 2757 tempore
902 2728 972 2757 per-

140 2761 237 2793 currit
244 2772 364 2792 cuneus
377 2760 552 2792 secundum
562 2760 764 2791 directionem
774 2760 820 2790 vis
830 2771 850 2790 a
857 2760 973 2790 malleo

139 2803 314 2844 impressae,
349 2810 544 2834 momentum
576 2802 649 2833 vero
683 2802 864 2833 resistentiae
892 2802 971 2843 ligni

139 2855 241 2876 cuneo
264 2845 404 2876 findendi
425 2852 471 2876 est
490 2851 528 2876 ut
541 2846 659 2876 factum
680 2855 719 2875 ex
733 2845 787 2875 ina
801 2844 973 2875 resistentia

139 2887 174 2917 in
197 2888 400 2923 velocitatem,
423 2887 485 2928 quii
507 2893 608 2927 partes
630 2887 710 2928 ligni
732 2888 847 2918 cedunt
871 2897 972 2918 cuneo

139 2929 312 2960 secundum
324 2931 422 2960 lineas
442 2929 578 2961 faciebus
592 2929 683 2960 cunei
698 2929 973 2969 perpendiculares
1065 2931 1166 2972 Supra
1184 2932 1376 2962 horizontem
1393 2931 1424 2961 A
1443 2931 1479 2967 C,
1503 2930 1715 2971 experimento
1742 2931 1854 2971 saepius

139 2971 230 3006 iuxta
254 2982 390 3012 quarum
413 2972 614 3003 directionem
627 2978 728 3011 partes
748 2972 827 3012 ligni
841 2982 861 3002 a
874 2981 976 3002 cuneo
1018 2974 1170 3010 instituto,
1193 2974 1330 3004 elevetur
1354 2972 1483 3012 planum
1513 2974 1545 3004 A
1573 2974 1612 3009 Β,
1636 2973 1677 3005 ad
1700 2974 1854 3015 angulum

140 3019 323 3052 moventur;
345 3020 392 3045 est
412 3015 507 3045 etiam
530 3020 726 3045 momentum
746 3014 925 3047 resistentiae
939 3020 976 3044 ut
1022 3017 1051 3047 Β
1066 3014 1100 3047 Ἀ
1125 3018 1162 3052 C,
1185 3017 1228 3046 ita
1251 3022 1288 3046 ut
1302 3015 1328 3045 si
1349 3025 1460 3055 corpus
1483 3015 1577 3055 plano
1602 3016 1634 3046 A
1653 3017 1691 3053 Β,
1714 3015 1754 3047 ad
1768 3016 1855 3047 hunc

138 3056 257 3086 factum
286 3065 325 3086 ex
357 3056 526 3087 resistentia
557 3056 636 3097 ligni
656 3056 691 3086 in
725 3057 863 3095 spatium
890 3055 975 3096 quod
1018 3058 1172 3099 angulum
1196 3058 1314 3088 elevato
1339 3059 1523 3097 imponatur,
1555 3057 1674 3089 tantiam
1706 3068 1770 3089 non
1799 3058 1854 3088 de-

139 3104 241 3140 partes
253 3097 332 3139 ligni
348 3097 421 3130 dato
434 3104 572 3138 tempore
593 3098 779 3137 describunt,
803 3097 975 3130 seeundum
1019 3101 1163 3140 scendat3
1186 3099 1354 3131 descendat
1382 3107 1487 3131 autem
1501 3100 1526 3131 si
1548 3102 1685 3142 angulus
1712 3099 1852 3133 nonnihil
