2086 3542
107 232 252 274 mez
277 232 493 283 Pramus]
556 230 878 273 PRINCIPIA
910 228 1405 272 MATHEMATICA,
1726 239 1809 276 413

104 348 155 390 H
175 349 198 390 I
217 347 415 403 parabola
435 347 487 403 (⁸)
509 347 624 402 cujus
644 346 736 387 haec
756 354 819 388 est
838 346 1083 401 proprietas,
1105 353 1152 386 ut
1171 346 1458 403 rectangulum
1478 347 1555 388 sub
1570 346 1668 388 dato
1686 347 1815 390 latere

100 430 216 463 recto
236 429 279 463 et
290 419 406 462 hneae‘i
428 419 451 461 Ι
472 418 523 460 Μ
543 418 703 474 aequale
725 419 777 459 sit
798 419 848 460 H
869 417 921 459 M
941 417 1168 473 quadrato3
1200 417 1275 458 sed
1294 426 1336 459 et
1353 417 1463 459 linea
1478 418 1527 459 H
1544 418 1595 460 M
1617 419 1815 461 bisecabi-

99 501 169 534 tur
188 494 232 534 in
253 493 305 535 L.
365 491 493 535 Unde
513 491 547 531 si
569 490 624 532 ad
654 490 706 532 M
728 491 750 531 J.
779 490 1021 532 demittatur
1050 490 1394 546 perpendiculum
1414 491 1455 533 L
1475 491 1530 542 O,
1564 490 1616 547 (¹¹)
1637 492 1816 548 aequales

100 572 224 606 erunt
244 563 297 605 M
317 562 371 613 O,
396 562 437 604 O
460 562 525 612 R3
555 569 598 603 et
616 561 768 602 additis
791 560 1084 617 (¹)'aequalibus
1105 560 1147 602 Ο
1168 559 1225 612 N,
1249 560 1291 604 Ο
1311 561 1349 612 1,
1380 561 1482 602 fient
1506 569 1605 603 totae
1634 563 1816 618 aequales

103 634 156 677 M
177 634 233 684 N,
255 633 278 675 Ι
301 633 354 674 R.
415 632 599 674 Proinde
619 646 714 673 cum
735 633 757 673 I
780 633 821 674 R
841 632 975 683 detur,
1006 631 1129 673 datur
1157 631 1283 674 etiam
1313 631 1366 674 M
1388 632 1453 681 N;
1484 641 1626 688 estque
1654 627 1816 675 rectan-

97 706 243 763 gulum
264 705 308 748 N
325 704 378 747 M
391 705 414 747 I
434 704 488 746 ad
507 704 796 761 rectangulum
816 704 894 745 sub
914 703 1042 745 latere
1062 710 1176 746 recto
1195 702 1271 745 etl
1286 702 1352 754 M,
1373 702 1454 744 hoc
1475 710 1550 752 est,
1571 703 1625 744 ad
1642 704 1690 745 H
1705 700 1759 746 M
1772 718 1814 760 q,

97 779 142 820 in
154 777 251 821 data
263 777 435 819 ratione.
482 775 533 832 (¹)
557 776 642 818 Sed
654 775 942 832 rectangulum
958 775 1002 817 N
1018 775 1070 817 M
1087 774 1109 816 I
1124 774 1284 830 aequale
1299 782 1363 816 est
1375 773 1618 831 rectangulo
1640 774 1676 815 P
1690 774 1743 816 M
1757 775 1814 826 Q,

97 850 142 892 id
162 857 238 901 est,
270 848 529 896 differentiae,
545 847 842 904 quadratorum
865 846 916 889 M
938 847 977 889 L
998 861 1039 902 q,
1062 854 1104 888 et
1124 847 1161 890 P
1182 846 1222 888 L
1242 861 1270 903 q
1290 861 1364 889 seu
1385 846 1424 889 L
1445 846 1465 888 Ι
1487 861 1539 902 q;
1571 854 1614 888 et
1645 847 1694 891 H
1716 846 1768 889 M
1788 862 1817 903 q

98 921 237 963 datam
255 921 459 963 rationem
477 918 603 962 habet
621 920 676 961 ad
701 920 764 961 sui
783 919 910 974 ipsius
930 926 1120 974 quartam
1148 924 1315 973 partem
1342 917 1396 961 M
1415 918 1456 961 L
1475 933 1529 975 q:
1561 933 1663 976 ergo
1693 918 1816 960 datur

98 992 204 1034 ratio
225 991 278 1033 M
299 990 338 1032 L
358 1005 387 1046 q
405 1014 462 1022 —
482 990 522 1032 L
544 990 565 1031 I
587 1004 613 1045 q
633 989 687 1030 ad
709 989 761 1031 M
781 989 822 1031 L
841 1004 882 1045 q,
916 988 961 1044 (¹)
984 1001 1025 1030 et
1039 987 1319 1029 convertendo
1331 988 1437 1031 ratio
1454 988 1493 1032 L
1509 988 1572 1044 1q
1586 988 1640 1029 ad
1657 988 1709 1032 M
1723 989 1815 1046 Lq,

98 1071 140 1106 et
158 1062 264 1104 ratio
284 1061 501 1103 dimidiata
520 1061 560 1103 L
581 1061 604 1102 I
624 1060 678 1102 ad
699 1060 751 1102 M
772 1060 827 1103 L.
890 1060 975 1103 Sed
994 1060 1039 1101 in
1058 1059 1172 1101 omni
1190 1059 1400 1117 triangulo
1420 1060 1460 1102 L
1481 1060 1534 1104 M
1555 1061 1591 1112 Ι,
1610 1060 1724 1102 sinus
1744 1076 1818 1102 an-

98 1136 296 1194 gulorum
315 1143 412 1176 sunt
428 1133 763 1189 proportionales
782 1133 979 1174 lateribus
999 1133 1213 1188 oppositis.
1274 1133 1391 1190 Ergo
1417 1133 1541 1175 datur
1569 1134 1676 1175 ratio
1705 1134 1818 1176 sinus

97 1209 242 1266 anguli
259 1206 495 1249 incidentiae
517 1207 556 1249 L
577 1207 630 1249 M
653 1207 694 1248 R
713 1206 768 1248 ad
788 1206 924 1247 sinum
943 1205 1086 1263 anguli
1105 1205 1370 1262 emergentiae
1391 1205 1431 1247 L
1450 1205 1473 1247 I
1496 1206 1550 1247 R.
1612 1206 1668 1255 Q.
1689 1221 1726 1248 e.
1746 1207 1789 1248 d.

158 1284 249 1325 Cas.
272 1287 313 1323 2.
344 1281 550 1324 Transeat
561 1280 651 1336 jam
672 1293 823 1335 corpus
843 1276 1073 1334 successive
1089 1292 1165 1334 per
1185 1277 1317 1333 spatia
1344 1276 1467 1333 plura
1493 1277 1701 1333 parallelis
1730 1279 1819 1335 pla·

141 1450 187 1493 (⁸)
212 1453 230 1472 ⁸
255 1451 352 1492 Cujus
372 1453 437 1500 hac
462 1456 504 1483 est
524 1451 702 1491 moym'etas,
718 1450 774 1481 &c-
814 1448 938 1502 *Ductis
979 1454 1011 1480 et
1026 1449 1063 1480 H
1079 1448 1112 1479 V
1125 1447 1272 1488 parallela
1287 1447 1317 1479 L
1331 1447 1360 1486 Ι,
1370 1447 1429 1478 erit
1438 1454 1562 1489 quoque
1574 1448 1611 1479 H
1625 1448 1709 1479 L=
1720 1448 1750 1480 L
1763 1448 1813 1479 M.

97 1492 938 1574 {edralltlgffiudlialxiiefflelledrAEnaffmoesslith
983 1491 1115 1566 (il-5391}-
1125 1534 1172 1565 Ut
1185 1533 1267 1564 latus
1281 1538 1399 1564 rectum
1415 1532 1558 1564 diametri
1574 1532 1610 1564 H
1628 1533 1658 1564 T
1671 1532 1706 1563 in
1727 1533 1819 1564 variis

97 1584 192 1619 atque
208 1590 246 1610 ex
261 1585 380 1618 puncto
396 1578 413 1608 I
429 1578 467 1609 ad
490 1578 676 1609 diametrum
700 1578 735 1608 H
754 1578 783 1608 T
799 1577 940 1608 ordinata
982 1577 1106 1617 angulis
1126 1576 1303 1607 incidentiae
1328 1575 1438 1606 datum
1461 1575 1511 1612 sit,
1541 1581 1660 1615 oportet
1684 1576 1820 1615 corporis

99 1621 118 1651 Ι
138 1622 177 1657 Τ,
193 1622 252 1652 erit
266 1623 307 1652 ob
322 1621 483 1661 parallelas
498 1621 537 1651 M
555 1621 583 1657 Ι,
602 1621 637 1651 H
653 1621 682 1651 T
698 1622 767 1661 (per
779 1620 892 1651 Theor.
910 1623 936 1650 1.
981 1619 1156 1658 parabolam
1171 1618 1370 1649 describentis
1386 1618 1578 1648 velocitatem
1592 1617 1626 1648 in
1639 1624 1756 1657 puncto
1770 1619 1818 1655 H,

98 1662 139 1694 de
155 1664 326 1703 Parabola)
343 1670 375 1694 et
388 1663 550 1703 parallelas
563 1663 601 1694 M
617 1664 662 1698 Η,
683 1663 698 1693 Ι
715 1663 745 1693 Τ
761 1664 830 1704 (per
846 1662 936 1693 Lem.
983 1668 1015 1692 et
1029 1662 1114 1701 plani
1135 1661 1311 1691 incidentiae
1336 1662 1367 1691 A
1393 1671 1411 1690 a
1436 1660 1498 1689 vim
1524 1662 1727 1691 attractricem
1753 1671 1819 1691 esse

96 1710 128 1737 4.
146 1705 186 1736 de
200 1707 330 1746 Conic.)
347 1706 386 1736 M
400 1706 417 1736 Ι
428 1718 475 1735 =
489 1706 525 1736 H
541 1706 570 1735 T
585 1711 617 1735 et
633 1705 649 1735 1
668 1706 753 1736 T=
764 1705 803 1735 M
815 1705 850 1735 H
868 1706 938 1746 (per
978 1704 1074 1735 datas.
1121 1704 1186 1734 His
1201 1709 1306 1734 autem
1328 1702 1416 1740 datis,
1439 1702 1548 1733 datum
1570 1713 1634 1733 esse
1654 1704 1714 1733 hoc
1737 1703 1820 1733 latus

97 1751 149 1779 ³4.
171 1751 198 1779 1.
219 1748 370 1789 Elem.);
385 1747 440 1779 sed
456 1751 526 1790 (per
541 1748 653 1780 Theon
676 1751 702 1779 l.
721 1747 761 1778 de
773 1746 936 1788 Parabola)
979 1754 1098 1777 rectum
1117 1746 1161 1776 ita
1181 1745 1417 1776 demonstratur.
1467 1745 1530 1775 Per
1550 1751 1702 1783 punctum
1727 1745 1761 1775 X
1783 1745 1818 1775 in

980 1789 1133 1820 diametro
1149 1788 1185 1819 H
1199 1789 1229 1819 T
1240 1787 1358 1823 datum,
1372 1793 1483 1829 agatur
1491 1787 1656 1818 ordinatim
1667 1787 1820 1826 applicata

981 1832 1015 1862 X
1034 1832 1064 1862 E
1079 1831 1233 1870 pambolae
1247 1840 1410 1861 occurrens
1423 1830 1456 1859 in
1473 1830 1515 1867 E,
1531 1836 1563 1860 et
1577 1840 1632 1869 per
1644 1830 1675 1860 E
1686 1830 1829 1861 ducatur·

981 1874 1012 1904 E
1031 1874 1064 1904 D
1079 1873 1226 1913 pan-allelu
1241 1872 1273 1902 X
1294 1872 1331 1902 H
1346 1879 1378 1903 et
1391 1872 1531 1912 tangenti
1547 1873 1582 1902 H
1600 1872 1639 1902 M
1654 1882 1819 1902 occurrens

976 1916 1011 1946 in
1028 1916 1072 1953 D,
1089 1926 1125 1946 ac
1140 1913 1271 1955 proinde
1284 1914 1410 1955 aequalis
1424 1914 1505 1944 datae
1522 1915 1555 1944 X
1573 1914 1619 1944 H.
1661 1914 1735 1945 Jam
1746 1913 1819 1946 ver&

981 1959 1017 1989 H
1035 1959 1069 1988 X
1084 1968 1140 1988 seu
1157 1958 1188 1987 D
1205 1957 1244 1991 E,
1264 1962 1310 1988 est
1323 1957 1458 1995 spatium
1478 1957 1563 1996 quod
1583 1966 1695 1996 corpus
1716 1957 1747 1986 vi
1770 1962 1818 1987 at-

978 2000 1118 2030 tractrice
1133 1999 1277 2030 describit
1290 1999 1400 2030 eodem
1413 2005 1551 2037 tempore
1565 1998 1638 2029 dato
1651 2009 1716 2039 quo
1728 2005 1818 2030 motu

978 2041 1130 2072 uniformi
1155 2041 1352 2080 projectionis
1373 2041 1524 2079 percurrit
1550 2042 1584 2071 H
1612 2041 1656 2077 D,
1684 2040 1819 2082 ideoque

979 2084 1061 2114 datis
1074 2084 1104 2113 vi
1120 2083 1292 2113 attracti-icc
1306 2089 1338 2113 et
1351 2083 1513 2112 velocitate
1526 2083 1730 2123 projectionis,
1745 2082 1818 2115 data

980 2137 1104 2167 quoque
1119 2125 1176 2155 erit
1190 2125 1272 2155 linea
1288 2125 1324 2155 H
1342 2125 1375 2155 D
1390 2124 1424 2154 in
1445 2124 1553 2164 quovis
1573 2125 1748 2155 incidentiae
1761 2135 1819 2155 an-

979 2169 1057 2209 gulo
1076 2169 1107 2199 G
1124 2168 1160 2198 H
1178 2168 1218 2198 T.
1266 2168 1326 2198 Est
1339 2173 1445 2197 autem
1460 2166 1542 2197 latus
1559 2173 1679 2197 rectum
1700 2167 1818 2198 diame-

980 2211 1020 2242 tri
1037 2211 1072 2242 H
1091 2211 1121 2241 T
1134 2210 1224 2241 tertia
1237 2209 1474 2250 proportionalis
1488 2209 1528 2239 ad
1542 2209 1703 2239 abscissam
1722 2209 1757 2239 H
1770 2210 1816 2247 X,

979 2260 1010 2284 et
1024 2253 1195 2284 ordinatam
1212 2253 1247 2283 X
1265 2253 1294 2283 E
1311 2262 1364 2282 seu
1382 2252 1418 2282 H
1437 2252 1481 2282 D.
1529 2250 1618 2292 Erga
1632 2251 1712 2282 datis
1725 2251 1756 2282 vi
1769 2258 1817 2284 at-

979 2297 1120 2327 tracti-ice
1148 2301 1180 2326 et
1206 2294 1368 2326 velocitate
1392 2293 1596 2334 projectionis»,
1627 2293 1736 2324 datum
1760 2305 1818 2326 seu

978 2346 1123 2370 constans
1133 2343 1179 2368 est
1189 2337 1271 2368 latus
1281 2343 1401 2368 rectum
1412 2336 1553 2366 diametri
1566 2336 1602 2366 H
1614 2337 1653 2367 T.
1685 2337 1727 2372 Q.
1742 2346 1769 2367 e.
1781 2336 1813 2369 d.

1022 2381 1071 2423 (Β)
1096 2384 1114 2400 ⁸
1137 2382 1286 2421 AEquales
1299 2385 1390 2411 erunt
1405 2380 1448 2410 M
1463 2380 1497 2415 0,
1516 2380 1541 2411 0
1557 2381 1598 2411 R.
1626 2379 1814 2421 (Peerp.

978 2428 1008 2456 2.
1027 2424 1081 2455 lib.
1093 2427 1124 2455 6.
1145 2422 1268 2462 Elem.)

977 2464 1531 2541 1¹(¹)⁸.AE'q·m1lil>u-¹ON,01.
1577 2464 1813 2505 Perhaps.

1001 2511 1031 2542 b·
1050 2513 1079 2540 5.
1097 2509 1202 2540 ΕΙ...

1022 2551 1070 2594 (¹²)
1094 2554 1112 2572 ¹¹
1136 2553 1193 2583 Sed
1205 2551 1418 2590 reclangulum
1434 2549 1527 2581 ΝΜ
1538 2551 1562 2581 I
1571 2551 1688 2591 aequale
1698 2555 1741 2581 est
1751 2561 1817 2582 rec-

978 2596 1103 2635 tangulo
1126 2596 1157 2626 P
1170 2595 1212 2625 M
1227 2598 1263 2630 Q,
1291 2595 1362 2634 (per
1379 2593 1451 2623 Cor.
1468 2595 1496 2622 1.
1522 2591 1615 2631 Prop.
1628 2595 1681 2623 56.
1710 2592 1764 2623 lib.
1781 2597 1813 2624 5.

981 2636 1100 2676 Elem.)
1122 2638 1155 2668 id
1167 2642 1220 2672 est,
1236 2636 1413 2678 differ-emite
1426 2636 1647 2675 quadratorum
1661 2636 1705 2666 M
1715 2636 1746 2666 L
1761 2636 1777 2653 ²
1787 2642 1815 2666 et

983 2676 1815 2718 PL2,estenimPM=ML-}-PL‚etQM

805 2736 808 2739 ·
980 2718 1816 2756 =ML-LQ=ML-PL;Quar&PM

105 2766 289 2808 quadratum
303 2767 451 2798 ordinatae
468 2768 497 2799 T
514 2768 531 2798 Ι
552 2767 671 2808 aequale
691 2772 738 2798 est
757 2765 938 2807 rectangulo
982 2769 1016 2802 χ
1039 2765 1072 2800 Q
1085 2765 1124 2794 M
1138 2777 1184 2793 =
1201 2763 1240 2794 M
1255 2764 1283 2792 L
1297 2764 1313 2781 ²
1328 2780 1371 2787 —
1387 2762 1416 2793 P
1432 2762 1461 2792 L
1475 2763 1501 2792 ².
1551 2761 1630 2803 (Per
1654 2761 1757 2793 Corol.
1783 2765 1814 2794 6.

105 2811 163 2840 sub
177 2809 249 2840 dato
262 2809 356 2840 latere
376 2817 460 2841 recto
481 2810 622 2841 diametri
647 2810 683 2841 H
701 2810 731 2840 T
753 2815 785 2840 et
806 2807 936 2840 abscissa
978 2807 1018 2838 2³.
1040 2806 1160 2844 Elem.)

109 2852 146 2882 H
163 2852 203 2888 T,
217 2850 293 2892 ergo
306 2853 521 2893 rectangulum
535 2854 593 2883 sub
607 2852 680 2883 dato
700 2852 795 2882 latere
808 2857 892 2882 recto
906 2856 938 2881 et
1025 2849 1065 2892 (¹)
1090 2851 1107 2869 ¹*
1132 2850 1176 2880 Et
1202 2849 1410 2879 convertendo.
1455 2845 1525 2876 Sint
1549 2845 1633 2876 enim
1661 2846 1691 2877 A
1717 2852 1748 2878 et
1774 2849 1815 2886 B,

104 2893 189 2924 lineri
204 2894 243 2924 M
263 2894 277 2924 1
295 2894 516 2934 aequaleestH
533 2895 750 2936 Mquadrato;
773 2894 818 2925 Et
826 2893 936 2934 quoni·
979 2892 1164 2933 quantitates
1188 2890 1278 2926 datae,
1305 2895 1336 2919 et
1361 2889 1401 2919 M
1424 2889 1454 2920 L
1465 2890 1480 2907 ²
1494 2905 1539 2914 -
1553 2888 1583 2919 L
1600 2888 1618 2919 1
1635 2890 1651 2908 ²
1667 2900 1675 2920 ε
1696 2889 1736 2920 Μ
1754 2891 1783 2922 L
1798 2894 1814 2911 ²

105 2946 156 2966 am
175 2936 210 2966 H
228 2937 267 2966 M
281 2937 458 2975 parabolam
471 2938 573 2979 tangit
586 2939 620 2968 in
636 2938 673 2968 H
688 2943 795 2977 estque
809 2935 938 2976 proinde
980 2948 1027 2965 =
1044 2936 1074 2965 A
1090 2936 1106 2953 ²
1123 2946 1131 2965 :
1150 2934 1179 2964 Β
1194 2935 1221 2969 ²,
1245 2932 1303 2962 erit
1326 2931 1365 2962 M
1383 2932 1412 2962 L
1426 2933 1443 2950 ²
1459 2943 1467 2963 τ
1486 2930 1634 2968 L,1².·=
1647 2931 1678 2963 B
1694 2933 1737 2965 ²⁴:
1759 2934 1813 2967 13²

107 2979 176 3020 (per
191 2979 263 3010 Cor.
283 2982 310 3010 1.
330 2978 421 3010 Lem.
440 2982 470 3012 5.
488 2980 527 3012 de
543 2980 671 3020 Conic.)
696 2980 713 3011 1
730 2980 770 3011 Μ
790 2992 836 3009 =
860 2979 891 3010 V
907 2978 937 3016 I,
979 2995 1023 3004 —
1039 2978 1070 3008 A
1085 2978 1112 3014 2,
1128 2986 1198 3017 quae
1212 2981 1259 3006 est
1271 2975 1349 3005 ratio
1362 2974 1435 3005 data
