2086 3542
251 228 334 271 ’234-
660 226 1108 275 PHILOSOPHIAE
1140 226 1498 274 NATURAms
1598 228 1739 280 [Mo-r.
1762 215 1952 275 coam}

430 411 433 414 »
476 381 854 426 PROPOSITIO
885 382 1132 425 XXXVII.
1193 382 1540 426 PROBLEMA
1571 384 1746 428 XXVI.

250 480 434 536 Corporis
461 480 510 519 de
541 479 624 519 loco
642 478 736 519 dato
754 463 900 519 sursum
918 479 980 520 vel
1009 479 1181 520 deorsum
1216 477 1386 533 prejecti
1404 480 1566 534 definire
1583 485 1758 535 tempora
1776 495 1953 526 ascensus

957 550 1019 591 vel
1037 550 1245 592 descensus.

307 635 445 677 Exeat
515 646 606 674 cor-

244 723 328 765 pus
349 708 402 750 de
421 708 514 749 loco
534 708 607 749 da-

245 789 293 827 to
309 780 351 822 G
381 779 607 821 secundum

245 851 396 892 lineam
415 850 456 892 G
467 851 496 891 S
512 864 607 891 cum

249 925 460 968 velocitate
504 923 603 979 (1ηὲ-

249 1011 437 1051 cumque.
460 995 511 1036 In
526 994 603 1037 du·

246 1066 394 1121 plicatfi
445 1064 603 1105 ratione

246 1136 367 1191 hujus
378 1134 600 1178 velocitatis
667 1128 674 1136 ⁸

248 1208 302 1249 ad
356 1199 603 1249 uniformbm

245 1279 288 1320 in
304 1278 459 1320 circulo
491 1278 602 1320 velo-

245 1349 420 1399 citatem,
425 1346 503 1404 qu&
512 1361 602 1388 cor-

244 1433 320 1475 pus
369 1419 422 1460 ad
474 1419 599 1460 inter-

246 1489 398 1530 vallum
427 1488 569 1530 datum
591 1488 621 1530 S
652 1488 695 1530 G
724 1488 831 1530 circa
852 1478 1039 1531 centrum
1070 1490 1100 1533 S
1118 1505 1183 1532 re-

244 1560 353 1601 volvi
381 1568 533 1615 posset,
571 1575 671 1615 cape
706 1560 748 1602 G
778 1561 820 1604 A
849 1561 900 1603 ad
922 1564 947 1615 ᾖ
969 1562 1011 1603 Λ
1034 1563 1076 1604 S.
1138 1562 1184 1605 Si
1309 1548 1481 1630 ‘W

244 1634 350 1675 ratio
370 1634 440 1675 illa
459 1644 521 1676 est
540 1628 702 1675 humeri
722 1634 870 1680 binarii
897 1635 950 1682 ad
969 1636 1181 1686 unitatem,

244 1716 443 1763 punctum
465 1709 504 1751 A
524 1709 682 1750 infinite
698 1709 832 1759 distat,
850 1724 933 1765 quo
952 1725 1048 1752 casu
1062 1725 1182 1765 para·
1235 1692 1264 1767 j:

245 1780 342 1821 bola
355 1781 504 1822 vertice
523 1782 564 1830 S,
575 1796 653 1822 axe
670 1781 699 1823 S
716 1781 772 1831 G,
791 1781 918 1823 latere
936 1783 1078 1838 quovis
1093 1796 1182 1823 rec·
1230 1772 1238 1817 .‘

245 1857 288 1890 to
308 1849 576 1893 describenda
595 1858 668 1891 est.
719 1850 840 1893 Patet
858 1851 938 1892 hoc
958 1866 1034 1907 per
1056 1852 1180 1907 Prop.
1232 1839 1254 1906 ’ξ

248 1918 469 1964 XXXIV.
513 1919 586 1960 Sin
609 1919 713 1961 ratio
726 1919 794 1961 illa
813 1921 950 1962 minor
968 1921 1033 1962 vel
1052 1922 1183 1977 major
1252 1913 1260 1920 ⁵

245 1995 307 2030 est
320 2003 443 2043 quam
458 1994 484 2029 2
500 1989 553 2030 ad
573 1995 608 2039 1,
626 1990 764 2044 priore
777 2005 874 2031 casu
891 1991 1077 2042 circulus,
1085 2006 1183 2046 pos-

244 2058 394 2099 veriore
411 2058 639 2113 hyperbola
668 2060 907 2115 rectangula
941 2076 1065 2115 super
1095 2061 1182 2107 dia·-

243 2135 376 2170 metro
399 2128 428 2168 S
450 2129 484 2169 A
510 2128 688 2169 describi
708 2126 842 2176 debet.
895 2130 941 2186 (³)
975 2130 1094 2176 Patet
1108 2145 1184 2186 per

246 2199 373 2253 Prop.
395 2198 625 2240 XXXIII.
686 2197 799 2240 Tum
819 2206 960 2240 centro
983 2200 1026 2251 S,
1058 2201 1184 2242 inter-

243 2268 351 2310 vallo
364 2275 554 2323 aequante
565 2267 782 2313 dimidium
797 2268 936 2315 lateris
955 2271 1068 2321 recti,
1091 2270 1184 2311 des-

244 2341 423 2385 cribatur
443 2341 620 2387 circulus
642 2340 690 2381 H
710 2341 738 2381 k
769 2341 825 2392 Κ,
857 2349 898 2382 et
928 2340 980 2382 ad
1001 2341 1186 2395 corporis
1669 2391 1680 2399 ἢ

244 2411 527 2453 descendentis
543 2411 609 2452 vel
629 2411 885 2453 ascendentis
905 2410 1042 2451 locum
1065 2411 1120 2461 G,
1155 2418 1196 2452 et
1214 2410 1349 2452 locum
1370 2409 1495 2452 alium
1510 2407 1691 2465 quemvis
1713 2406 1762 2458 C,
1783 2406 1945 2463 erigan-

247 2491 314 2524 tur
332 2482 625 2538 perpendicula
646 2482 689 2524 G
710 2479 750 2532 1‚'
770 2482 806 2522 C
826 2481 871 2523 D
893 2481 1150 2523 occurrentia
1166 2481 1320 2523 conicae
1340 2479 1514 2521 sectioni
1531 2477 1596 2519 vel
1616 2476 1769 2519 circulo
1793 2476 1838 2516 in
1858 2476 1881 2518 I
1895 2490 1945 2519 ac

285 2579 327 2622 (¹)
351 2582 370 2600 ⁴
402 2582 490 2611 Patet
515 2590 572 2619 per
597 2581 690 2618 Prop.
724 2580 837 2610 XXX
837 2580 902 2610 [ΙῙ.
934 2578 1067 2615 Scilicet,
1112 2583 1159 2608 est
1173 2577 1213 2608 ad
1226 2577 1418 2609 velocitatem
1439 2575 1574 2615 corporis
1597 2575 1631 2604 in
1651 2573 1793 2605 dffstanu‘a
1809 2574 1832 2605 S
1849 2575 1943 2606 Gro-

241 2622 375 2662 fingatur
389 2621 482 2652 sectio
496 2621 600 2651 conica
614 2620 784 2651 latitudinis
799 2630 893 2661 quam
921 2620 1068 2657 minimae‚
1113 2619 1264 2650 volventis
1278 2619 1309 2648 in
1324 2617 1537 2657 subduplicatfx
1546 2617 1663 2648 ratIone
1673 2616 1824 2647 distantiae
1834 2616 1941 2656 puncti

240 2670 277 2694 ut
301 2663 438 2703 proxim&
458 2663 610 2693 coincidat
637 2673 711 2693 cum
725 2672 782 2692 axe
800 2664 830 2693 A
849 2663 889 2699 Β,
915 2668 946 2693 et
972 2662 1005 2692 in
1034 2673 1071 2692 ea
1117 2662 1148 2692 G
1163 2672 1182 2692 a
1196 2661 1308 2691 vertice
1322 2660 1466 2691 ulteriore
1483 2659 1610 2698 Ellipsis
1633 2658 1682 2688 vel
1699 2658 1887 2699 Hyperboloe
1900 2657 1943 2690 nd

242 2706 374 2746 fingatur
388 2716 453 2736 esse
467 2711 619 2744 punctum
633 2705 663 2735 G
678 2714 715 2735 ex
730 2715 792 2745 quo
806 2714 918 2744 corpus
930 2706 1070 2734 move‘tur
1112 2704 1180 2745 ejus
1208 2703 1413 2735 semi-Axem.
1443 2701 1527 2732 unde
1552 2702 1577 2731 si
1604 2700 1659 2731 fiat
1687 2701 1716 2730 G
1733 2702 1762 2731 A
1777 2701 1816 2731 ad
1868 2701 1890 2732 S
1906 2701 1940 2731 A

241 2757 313 2777 cum
328 2747 398 2778 data
411 2747 579 2783 velocitate,
595 2747 694 2787 primo
703 2747 850 2787 quaeritur
860 2746 973 2786 specIes
988 2746 1071 2776 illins
1112 2745 1147 2775 in
1162 2745 1317 2784 duplicati
1336 2744 1453 2775 ratione
1466 2742 1632 2774 velocitatis
1646 2742 1679 2772 in
1697 2743 1727 2773 G
1742 2742 1782 2772 ad
1796 2748 1833 2773 v'e
1845 2742 1940 2774 ocin-

242 2789 394 2826 sectionis,
426 2795 456 2819 et
471 2799 509 2819 ex
535 2788 731 2828 proportione
746 2789 912 2821 velocitatis
937 2787 1015 2818 datae
1030 2788 1069 2818 ad
1112 2793 1176 2818 tem
1202 2787 1336 2826 corporis
1359 2787 1393 2816 in
1417 2785 1558 2816 distantia
1575 2785 1596 2815 S
1624 2785 1655 2815 G
1669 2784 1860 2822 revolventis,
1881 2783 1940 2815 erit

241 2831 431 2860 velocitatem
453 2830 588 2870 quacum
612 2841 722 2870 corpus
737 2829 776 2861 ad
804 2829 998 2861 intervallum
1013 2829 1068 2860 da·
1115 2832 1146 2860 A
1162 2835 1265 2859 vertex
1292 2829 1418 2859 ulterior
1447 2827 1573 2865 Ellipsis
1586 2827 1635 2856 vel
1652 2826 1850 2867 Hyperboloe,
1872 2833 1905 2858 et

241 2878 310 2902 tum
327 2872 349 2902 S
377 2873 406 2902 G
421 2872 500 2902 circa
517 2874 668 2904 Centrum
693 2873 715 2903 S
729 2873 941 2907 revolveretur,
958 2882 1070 2910 agnos-
1103 2870 1157 2913 {S
1172 2870 1201 2901 A
1217 2871 1370 2901 semi-axis
1383 2871 1536 2910 quaesitus.

241 2919 333 2946 cetur,
350 2923 387 2942 ex
405 2914 477 2944 Cor.
495 2917 523 2945 7.
555 2915 647 2953 Prop.
664 2915 762 2945 XVI.
782 2922 822 2952 et,
838 2914 862 2944 si
877 2914 916 2944 sit
942 2913 1071 2953 Ellipsis
1159 2913 1228 2943 Fiat
1255 2922 1328 2952 ergo
1355 2912 1389 2941 in
1414 2913 1524 2941 vertIce
1549 2911 1571 2941 S
1588 2910 1738 2941 Parabola
1765 2910 1888 2951 quavis,
1911 2910 1939 2942 εἰ

241 2955 291 2986 vel
309 2954 487 2993 Hyperbola
509 2956 575 2996 ejus
603 2957 668 2987 axiS
695 2957 794 2998 major
807 2967 845 2987 ex
867 2955 1024 2986 velocitate
1038 2956 1071 2985 in
1113 2965 1207 2986 curva
1231 2963 1411 2984 evanescens
1435 2953 1467 2982 in
1495 2953 1555 2992 qua
1582 2954 1612 2983 G
1632 2959 1686 2989 est,
1710 2953 1748 2983 sit
1778 2952 1934 2990 Paraboln,

245 2997 276 3028 G
297 2996 367 3027 data
389 2996 482 3026 etiam
503 2996 680 3035 innotescet,
696 3009 751 3037 per
772 2998 866 3038 Prop.
886 2997 1066 3029 XXXIII.
1108 2996 1157 3028 vel
1171 2997 1225 3027 fiat
1243 2996 1393 3033 circulus,
1415 2995 1525 3025 vertice
1543 2995 1564 3025 S
1581 2995 1741 3026 Diametro
1758 2996 1779 3026 S
1793 2996 1834 3032 A,
1857 2994 1883 3025 si
1897 2995 1937 3026 sit

241 3038 316 3081 quia
346 3037 488 3069 velocitas
512 3039 644 3077 corporis
673 3039 817 3078 cadentis
830 3041 863 3071 in
891 3046 1007 3080 puncto
1025 3040 1066 3077 G,
1111 3039 1239 3080 Euipsis
1258 3050 1268 3077 ;
1305 3038 1353 3069 vcl
1399 3037 1577 3078 Hyperbola
1618 3037 1792 3078 aequilatcra
1824 3036 1933 3068 eidem
