2158 3562
333 240 433 282 xxvi
1026 230 1335 287 EmToRIs
1407 266 1413 271 x

334 353 463 410 igitur
481 355 694 399 immotam
713 364 814 400 esse.
837 396 839 398 .
883 357 1134 414 Neutiquam
1153 357 1339 413 profecto
1358 358 1494 413 potuit
1512 357 1612 400 oriri
1630 360 1823 409 mundus,
1845 358 2040 415 pulcher-

333 425 439 468 rima
457 427 680 488 formarum
700 437 742 471 et
762 435 950 471 motuum
969 429 1165 472 varietate
1185 429 1414 480 distinctus,
1434 429 1514 471 nisi
1533 443 1587 471 ex
1604 428 1812 473 liberrima
1827 430 2039 473 voluntate

334 506 482 541 cuncta
500 500 754 554 providentis
774 508 817 543 et
835 500 1103 557 gubernantis
1119 501 1214 543 Dei.

393 570 463 612 Ex
477 569 557 612 hoc
577 571 701 628 igitur
715 571 828 614 fonte
841 581 1138 627 promanarunt
1152 573 1234 615 illae
1249 587 1392 615 omnes
1408 588 1501 630 quae
1516 573 1710 616 dicuntur
1724 583 1883 616 naturae
1897 574 2010 631 leges
2023 588 2038 615 ε

333 641 377 682 in
396 642 541 697 quibus
560 643 688 684 multa
709 642 806 685 sane
827 644 1113 699 sapientissimi
1133 645 1303 695 consilii,
1325 644 1440 686 nulla
1457 646 1708 688 necessitatis
1729 655 1930 702 apparent
1943 660 2037 687 ves-

332 713 444 771 tigia.
506 714 598 756 Has
627 715 803 769 proinde
821 730 917 757 -non
943 716 995 757 ab
1022 716 1186 758 incertis
1216 716 1461 772 conjecturis
1491 724 1644 771 petere,
1674 717 1747 758 sed
1776 715 2039 764 observando

333 792 454 840 atque
474 785 724 840 experiendo
743 786 954 828 addiscere
974 786 1184 828 debemus.
1245 787 1331 836 Qui
1351 800 1460 828 verae
1474 786 1657 843 physicae
1681 788 1884 843 principia
1901 788 2035 845 leges-

332 870 412 911 que
439 856 591 907 rerum‚
625 857 712 899 sola
739 859 887 900 mentis
916 859 957 900 vi
981 867 1022 901 et
1041 859 1205 901 interno
1224 859 1394 900 rationis
1413 858 1571 899 lumine
1589 858 1754 909 fretum,
1775 859 1960 900 invenire
1990 874 2035 901 se

330 940 452 981 posse
471 928 664 978 confidit3
695 929 807 971 hunc
836 938 999 985 oportet
1027 931 1092 972 vel
1122 939 1298 973 statuere
1327 930 1530 972 mundum
1559 945 1613 972 ex
1631 931 1873 973 necessitate
1892 930 2032 980 fuisse,

330 997 524 1055 legesque
543 1001 771 1055 propositas
793 1016 846 1043 ex
865 1002 1010 1044 eadem
1028 1004 1270 1045 necessitate
1289 1003 1426 1058 sequi3
1447 1003 1513 1044 vel
1532 1002 1567 1044 si
1585 1017 1662 1057 per
1678 1002 1932 1044 voluntatem
1948 1001 2035 1044 Dei

330 1069 572 1113 constitutus
592 1071 643 1111 sit
662 1071 766 1112 ordo
785 1078 966 1123 naturae‚'
987 1088 1030 1115 se
1050 1080 1200 1125 tamen,
1221 1073 1542 1115 homuncionem
1561 1073 1779 1123 misellum,
1801 1072 1900 1128 quid
1921 1071 2032 1127 opti-

330 1152 445 1181 mum
465 1140 575 1182 factu
594 1142 647 1183 sit
674 1151 936 1198 perspectum
955 1144 1120 1186 habere.
1182 1146 1292 1187 Sana
1320 1144 1453 1185 omnis
1474 1151 1515 1185 et
1534 1158 1631 1185 vera
1658 1143 1922 1206 philosophia
1941 1139 2035 1184 fun÷

329 1210 452 1256 datur
471 1211 516 1251 in
533 1211 817 1266 phaenomenis
837 1227 1001 1257 rerum:
1031 1231 1125 1271 quae
1152 1216 1187 1257 si
1205 1231 1281 1257 nos
1303 1215 1368 1257 vel
1387 1215 1535 1257 invitos
1556 1223 1598 1257 et
1616 1215 1863 1257 reluctantes
1883 1214 1938 1256 ad
1955 1214 2035 1256 hu-

322 1281 505 1337 jusmodi
542 1282 744 1338 principia
777 1284 1001 1336 deducunt,
1040 1286 1084 1326 in
1123 1286 1270 1342 quibus
1309 1285 1532 1327 clarissime
1561 1294 1786 1328 cernuntur
1815 1285 2035 1327 consilium

331 1353 533 1408 optimum
553 1363 594 1397 et
623 1356 851 1398 dominium
879 1372 1086 1400 summum
1115 1357 1400 1412 sapientissimi
1423 1365 1465 1399 et
1489 1358 1761 1412 potentissimi
1789 1357 1917 1407 entis3
1947 1370 2034 1398 non

330 1434 452 1468 erunt
470 1426 560 1468 haec
579 1427 674 1470 ideo
703 1444 788 1470 non
817 1429 1070 1471 admittenda
1099 1430 1314 1485 principia,
1346 1429 1458 1486 quod
1478 1429 1724 1485 quibusdam
1743 1429 1880 1470 forsan
1898 1428 2034 1470 homi-

329 1496 452 1538 nibus
471 1498 606 1540 minus
625 1508 743 1556 grata
763 1507 859 1542 sunt
877 1500 1026 1542 futura.
1104 1500 1188 1542 His
1218 1500 1285 1542 vel
1314 1500 1513 1541 miracula
1534 1499 1599 1541 vel
1629 1499 1842 1555 qualitates
1863 1499 2036 1542 occultae

330 1567 534 1619 dicantur,
557 1584 649 1625 quae
668 1570 907 1626 displicent:
939 1586 1082 1612 verum
1108 1571 1277 1612 nomina
1303 1570 1504 1612 malitiose
1534 1570 1664 1611 indita
1692 1586 1778 1612 non
1808 1578 1903 1618 sunt
1932 1570 2034 1626 ipsis
2075 1606 2078 1607 γ

329 1642 454 1683 rebus
474 1642 573 1684 vitio
592 1643 813 1693 vertenda3
835 1644 914 1685 nisi
932 1644 1035 1685 illud
1054 1643 1172 1685 fateri
1192 1643 1360 1685 tandem
1379 1642 1519 1692 velint,
1550 1642 1692 1698 utique
1720 1642 1872 1684 debere
1897 1642 2034 1697 philo-
2050 1631 2052 1633 ‚

331 1712 520 1767 sophiam
538 1713 582 1754 in
602 1714 803 1755 atheismo
822 1714 999 1756 fundari.
1062 1714 1230 1756 Horum
1259 1714 1475 1755 hominum
1504 1712 1636 1771 gratia
1655 1727 1741 1754 non
1762 1713 1840 1755 erit
1858 1713 2034 1756 labefac-

330 1784 454 1826 tanda
475 1785 751 1841 philosophia,
773 1787 974 1842 siquidem
994 1802 1134 1828 rerum
1154 1787 1258 1829 ordo
1277 1801 1362 1828 non
1381 1786 1470 1828 vult
1487 1786 1707 1828 immutari.

389 1855 607 1898 Obtinebit
625 1857 751 1913 igitur
771 1857 882 1912 apud
902 1857 1055 1912 probos
1075 1864 1117 1899 et
1136 1871 1276 1913 aequos
1297 1856 1458 1912 judices
1487 1856 1826 1911 praestantissima
1850 1854 2034 1911 philoso-

329 1925 486 1981 phandi
500 1927 617 1978 ratio,
635 1942 728 1983 quae
742 1927 937 1970 fundatur
952 1929 996 1970 in
1011 1928 1301 1983 experimentis
1317 1936 1359 1970 et
1373 1927 1740 1978 observationibua
1789 1927 1906 1969 Huic
1919 1926 2032 1978 vero,

330 1997 413 2039 dici
432 1998 502 2039 vix
520 1998 684 2053 poterit,
719 2007 872 2055 quanta
890 1999 966 2040 lux
984 1999 1165 2050 accedat,
1203 2006 1355 2055 quanta
1374 1998 1566 2055 dignitas,
1598 1999 1651 2040 ab
1671 1998 1751 2040 hoc
1771 2013 1907 2053 operev
1925 2012 2034 2053 prae-

330 2068 442 2109 claro
461 2068 720 2110 illustrissimi
749 2070 880 2111 nostri
899 2070 1104 2120 auctoris;
1133 2070 1248 2125 cujus
1269 2069 1464 2111 eximiam
1483 2069 1639 2126 ingenii
1658 2069 1906 2119 felicitatem,
1927 2068 2036 2118 diffi÷

330 2140 482 2181 cillima
501 2154 675 2196 quaeque
689 2141 946 2195 problemata
966 2140 1195 2191 enodantis,
1219 2149 1260 2182 et
1280 2139 1402 2181 adea
1419 2139 1548 2195 porro
1565 2140 1837 2196 pertingentis
1857 2139 1913 2182 ad
1940 2155 2041 2197 quae.
2074 2174 2076 2176 -

329 2227 407 2254 nec
427 2227 519 2267 spes
541 2222 627 2255 erat
646 2213 869 2255 humanam
887 2221 1070 2255 mentem
1089 2227 1302 2270 assurgere
1320 2213 1517 2268 potuisse,
1542 2211 1690 2253 merito
1709 2212 1965 2254 admirantur
1992 2220 2036 2254 et

331 2285 561 2339 suspiciunt
579 2285 813 2341 quicunque
832 2284 958 2340 paulo
977 2284 1221 2340 profundius
1240 2284 1281 2324 in
1303 2283 1416 2325 hisce
1431 2284 1553 2325 rebus
1569 2283 1719 2324 versati
1737 2290 1846 2324 sunt.
1908 2282 2034 2324 Clau·

331 2357 423 2399 stris
444 2356 543 2413 ergo
563 2358 764 2408 reseratis,
797 2357 954 2399 aditum
973 2357 1092 2398 nobis
1113 2355 1275 2412 aperuit
1293 2355 1347 2396 ad
1370 2354 1648 2410 pulcherrima
1666 2368 1806 2395 rerum
1824 2354 2032 2410 mysteria.

334 2430 571 2487 Systematis
602 2430 814 2471 mundani*
836 2444 1078 2486 compagem
1111 2427 1457 2485 elegantissimam
1486 2427 1544 2467 ita
1572 2425 1740 2467 tandem
1766 2425 1959 2480 patefecit
1991 2434 2037 2471 et

329 2499 507 2557 penitius
527 2500 870 2556 perspectandam
888 2500 1026 2550 dedit3
1057 2507 1104 2541 ut
1131 2513 1208 2540 nec
1233 2498 1334 2552 ipse,
1363 2498 1398 2538 si
1425 2510 1537 2538 nunc
1556 2496 1828 2547 revivisceret,
1858 2511 1935 2539 rex
1955 2497 2032 2540 Al-

330 2572 515 2628 phonsus
535 2572 601 2614 vel
623 2571 925 2626 simplicitatem
943 2571 1010 2612 vel
1035 2568 1263 2611 harmoniae
1281 2566 1456 2624 gratiam
1475 2567 1519 2607 in
1539 2581 1588 2608 ea
1607 2566 1870 2608 desideraret.
1946 2568 2032 2611 Ita-

332 2661 411 2702 que
430 2653 589 2687 naturae
607 2645 861 2700 majestatem
878 2641 1049 2698 propius
1063 2643 1151 2697 jam
1169 2640 1266 2682 licet
1279 2640 1442 2691 intueri,
1464 2647 1506 2681 et
1525 2639 1760 2682 dulcissima
1779 2640 2031 2697 contempl&

332 2719 442 2759 tione
461 2718 554 2769 frui,
585 2717 841 2760 conditorem
859 2715 958 2758 vero
977 2729 1025 2757 ac
1045 2714 1259 2755 dominum
1278 2713 1563 2754 universorum
1581 2710 1806 2767 impensius
1826 2711 1962 2754 colere
1989 2720 2031 2757 et

331 2792 529 2841 venerari,
571 2792 642 2847 qui
678 2790 833 2832 fructus
867 2796 929 2831 est
961 2786 1235 2843 philosophiae
1268 2785 1399 2827 multo
1433 2785 1676 2826 uberrimus.
1738 2784 1908 2827 Caecum
1942 2799 2031 2829 esse

332 2870 507 2918 oportet,
530 2864 600 2918 qui
620 2878 672 2904 ex
692 2862 856 2918 optimis
877 2868 918 2903 et
938 2858 1243 2915 sapientissimis
1264 2871 1402 2899 rerum
1423 2856 1636 2899 structuris
1656 2870 1742 2896 non
1761 2856 1898 2897 statim
1915 2856 2030 2900 vide-

332 2943 374 2977 at
395 2935 668 2977 Fabricatoris
689 2934 977 2990 omnipotentis
998 2932 1201 2975 infinitam
1221 2931 1461 2986 sapientiam
1481 2937 1522 2971 et
1539 2929 1786 2972 bonitatem:
1822 2929 2028 2982 insanum,

333 3006 402 3062 qui
421 3005 607 3060 profiteri
626 3006 740 3047 nolit.
