2086 3542
492 663 759 738 INDEX
799 685 1452 739 PROPOSITIONUM

763 846 935 889 LIBRI
970 847 1168 891 PRIMI.

534 1093 833 1134 AXIOMATA
861 1093 982 1132 SIVE
1012 1092 1188 1131 LEGES
1214 1093 1416 1132 MOTUS.

420 1237 519 1269 LEX
545 1238 572 1269 Ι.
888 1213 940 1238 m

125 1296 247 1335 Corpus
260 1304 352 1326 omne
366 1302 537 1334 perseverat
550 1295 583 1325 in
598 1300 680 1325 statu
693 1304 751 1326 suo
768 1294 870 1335 quies-

163 1337 255 1369 cendi
277 1337 324 1367 vel
346 1337 490 1368 movendi
505 1337 699 1368 uniformiter
719 1338 753 1367 in
773 1337 873 1367 direc-

164 1386 244 1416 tum,
274 1379 333 1409 nisi
360 1377 514 1419 quatenus
537 1389 557 1410 a
579 1380 694 1410 viribus
717 1379 871 1418 impressis

165 1422 287 1463 cogitur
300 1427 415 1453 stanam
428 1421 519 1453 illum
538 1428 659 1453 mutare
661 1443 868 1453 ...............

410 1487 510 1518 LEX
534 1487 584 1518 11.

125 1543 265 1575 Mutatio
279 1543 383 1575 motus
403 1543 636 1583 proportionalis
650 1549 695 1574 est
709 1543 737 1573 vi
752 1543 871 1574 motrici

163 1586 319 1624 impressae
333 1592 365 1616 et
378 1585 414 1619 fit
427 1586 599 1617 seminudum
620 1586 735 1616 lineam
756 1592 870 1616 rectam

164 1627 228 1669 qua
241 1628 286 1659 vis
299 1628 353 1658 illa
373 1628 560 1668 imprimitur
559 1649 866 1661 ......................
875 1627 950 1660 ibid.

128 1748 254 1780 Action}
268 1749 420 1780 mnu-aria
433 1759 554 1788 semper
566 1754 598 1780 et
611 1748 737 1790 aequalis
756 1755 802 1780 est
823 1758 870 1779 ro-

165 1792 262 1822 actio:
288 1791 352 1821 sive
365 1801 528 1830 corporum
544 1791 677 1821 duorum
692 1791 827 1821 actiones
837 1792 869 1820 in

166 1843 200 1863 se
213 1832 324 1864 mutuo
339 1842 459 1872 semper
472 1839 546 1863 sunt
560 1833 692 1873 equales
706 1839 736 1863 et
750 1833 782 1863 in
797 1843 871 1863 eon-

166 1876 272 1906 trarias
285 1881 386 1915 partes
400 1874 578 1916 diriguntur
578 1897 869 1906 .....................
916 1879 954 1906 16

260 1942 400 1973 PROP.
428 1942 456 1973 Ι.
505 1941 685 1979 THEOR.
713 1942 740 1972 Ι.

130 1998 223 2028 Areae
243 2007 320 2037 quas
340 2006 467 2035 corpora
487 1996 520 2026 in
542 2005 634 2036 gyros
648 2002 714 2026 acta
728 1996 820 2026 radiis
833 1996 872 2026 ad

167 2039 326 2070 immobile
339 2045 481 2069 centrum
496 2038 607 2068 virium
628 2038 738 2073 ductis,
760 2039 872 2068 descri-

172 2083 260 2116 bunt,
277 2087 308 2111 et
321 2081 354 2111 in
369 2081 469 2120 planis
482 2080 691 2110 immobilibus
704 2081 873 2111 consistunt

168 2131 200 2154 et
213 2129 286 2154 sunt
298 2123 487 2163 temporibus
507 2123 746 2162 proportionales
748 2144 870 2154 .........

254 2182 392 2223 PROP.
414 2191 463 2222 11.
511 2180 692 2232 THEOR.
712 2191 760 2222 11.

130 2250 252 2287 Corpus
265 2257 358 2278 omne
372 2246 456 2288 quod
474 2252 614 2278 movetur
627 2247 661 2277 in
675 2247 756 2277 linea
769 2246 872 2288 aliqua

171 2289 266 2322 curvfi
279 2290 312 2320 in
326 2290 419 2329 plano
432 2288 583 2329 descript&
593 2297 624 2320 et
631 2289 718 2320 radio
728 2289 821 2320 ducto
831 2290 872 2320 ad

170 2339 323 2372 puuctum
344 2332 391 2362 vel
413 2332 571 2362 immobile
592 2331 640 2361 vel
655 2337 743 2362 motu
758 2332 870 2362 rectili-

171 2385 232 2405 neo
267 2373 461 2405 uniformiter
488 2373 695 2415 progrediens,
731 2373 873 2404 describit

171 2427 256 2447 areas
283 2416 363 2446 circa
391 2414 543 2455 punctuin
570 2415 650 2446 illud
684 2416 872 2455 temporibus

171 2458 420 2498 proportionales,
436 2465 622 2499 urgeturque
636 2468 654 2488 a
665 2459 695 2488 vi
705 2458 873 2498 centripetai

170 2501 314 2532 tendente
327 2500 367 2531 ad
380 2500 463 2530 idem
484 2507 644 2539 punctum.
649 2521 870 2532 ................

235 2570 374 2602 PROP.
397 2571 467 2602 111.
508 2571 691 2603 THEOR.
711 2571 782 2602 111.

133 2629 252 2667 Corpus
273 2637 367 2657 omne
387 2626 470 2668 quod
492 2627 579 2658 radio
591 2627 631 2659 ad
644 2634 786 2659 centrum
806 2638 873 2659 cor-

171 2669 253 2708 poris
260 2669 386 2700 alterius
395 2676 563 2710 utcumque
573 2670 650 2701 moti
659 2670 752 2700 ducto
763 2670 874 2701 descri-

172 2712 218 2742 bit
231 2721 317 2742 areas
336 2712 418 2742 circa
438 2718 579 2742 centrum
593 2712 672 2743 illud
686 2712 874 2752 temporibus

172 2754 420 2792 proportionales,
435 2760 565 2795 urgetur
579 2755 609 2784 vi
622 2754 790 2794 composita
800 2765 836 2785 ex
848 2755 876 2785 vi

172 2795 339 2835 centripeta
358 2796 503 2827 tendente
518 2796 557 2827 ad
572 2807 682 2835 corpus
701 2796 780 2827 illud
800 2797 875 2827 alte-

171 2847 242 2868 rum
256 2844 289 2867 et
302 2846 340 2867 ex
354 2838 385 2867 vi
399 2839 485 2868 omni
500 2839 708 2869 acceleratrice
728 2839 789 2879 qua
810 2849 876 2870 eor-

172 2889 231 2919 pus
244 2879 324 2910 illud
337 2879 469 2910 alterum
484 2887 611 2922 urgetur
611 2902 874 2913 ...................

258 2946 396 2978 PROP.
416 2947 478 2979 lv.
526 2948 708 2980 THEOR
731 2948 791 2980 lv.

135 3006 319 3044 Corporum,
346 3015 416 3045 quae
430 3005 564 3036 diversos
585 3005 715 3036 circulos
736 3006 877 3046 aequabili

173 3053 260 3078 motu
271 3047 457 3084 describunt,
470 3048 547 3079 vires
560 3049 742 3088 centripetas
754 3049 793 3079 ad
807 3059 877 3079 cen-

915 1423 954 1453 15

914 2126 954 2154 65

914 2503 955 2532 68

919 2886 959 2914 69

1035 1244 1081 1269 tra
1095 1238 1274 1269 eorumdem
1285 1239 1470 1270 circulorum
1479 1238 1614 1275 tendere,
1630 1245 1661 1271 et
1674 1250 1739 1271 esse
1759 1215 1810 1241 ω

1034 1281 1115 1311 inter
1128 1291 1160 1311 se
1174 1288 1210 1311 ut
1223 1289 1296 1311 sunt
1309 1292 1437 1312 arcuum
1459 1282 1553 1312 simul
1574 1282 1739 1321 descripto-

994 1367 998 1370 ·
1035 1332 1105 1395 arn
1132 1323 1280 1364 quadrata
1307 1324 1458 1363 applicata
1485 1323 1526 1355 ad
1553 1324 1740 1355 circulorum

1090 1375 1143 1396 ios.
1150 1387 1735 1398 ..........................................

1145 1441 1283 1473 PROP.
1303 1441 1343 1472 V.
1392 1442 1562 1473 PROBL.
1583 1443 1613 1473 Ι.

997 1499 1082 1531 Data
1102 1501 1336 1541 quibuscunque
1355 1500 1390 1530 in
1410 1500 1485 1531 locis
1504 1501 1663 1531 velocitate
1676 1500 1739 1541 (1υὲ

1034 1553 1145 1582 corpus
1169 1543 1303 1583 figuram
1327 1542 1429 1582 datam
1451 1543 1567 1574 viribus
1589 1543 1629 1573 ad
1653 1553 1738 1574 eom-

1034 1595 1130 1615 mune
1138 1585 1262 1625 aliquod
1270 1592 1410 1615 centrum
1421 1585 1616 1616 tendentibus
1624 1585 1736 1616 descri-

1034 1629 1087 1665 bit,
1103 1633 1243 1658 centrum
1257 1627 1335 1658 illud
1350 1628 1485 1658 invenire
1486 1649 1735 1659 ..................

1118 1708 1257 1740 PROP.
1277 1708 1339 1739 VI.
1387 1707 1570 1739 THEOR.
1588 1707 1629 1737 V.

995 1764 1027 1796 Si
1043 1774 1153 1803 corpus
1167 1763 1200 1794 in
1215 1763 1313 1803 spatio
1326 1773 1390 1794 non
1404 1763 1561 1793 resistente
1575 1762 1655 1793 circa
1665 1772 1738 1793 cen-

1035 1814 1116 1837 trum
1132 1806 1289 1836 immobile
1303 1806 1337 1836 in
1352 1807 1425 1836 orbe
1438 1815 1624 1846 quocunque
1638 1805 1737 1835 revol-

1034 1854 1123 1878 vatur
1136 1854 1167 1878 et
1180 1858 1285 1878 arcum
1299 1848 1437 1888 quemvis
1450 1847 1579 1888 jamjam
1593 1853 1736 1878 nascente

1034 1897 1171 1929 tempore
1180 1889 1275 1930 quam
1288 1889 1420 1920 minimo
1430 1890 1588 1926 describat,
1603 1895 1635 1919 et
1644 1889 1740 1929 sagit·

1034 1939 1067 1962 ta
1092 1931 1182 1962 arcus
1209 1931 1282 1962 duci
1306 1931 1498 1971 intelligatur
1518 1941 1590 1972 quae
1612 1931 1738 1961 cordam

1035 1975 1149 2004 bisecet
1162 1979 1194 2004 et
1207 1973 1356 2013 producte
1369 1979 1502 2004 transeat
1522 1983 1576 2012 per
1596 1980 1738 2004 centrum

1035 2017 1147 2046 virium
1157 2027 1166 2046 ς
1184 2015 1242 2046 erit
1252 2015 1297 2045 vis
1307 2016 1473 2053 centripeta
1486 2015 1520 2044 in
1530 2015 1632 2046 medio
1639 2015 1738 2052 arcus,

1036 2065 1072 2088 ut
1086 2058 1194 2098 sagitta
1208 2056 1323 2088 directe
1336 2063 1367 2087 et
1380 2063 1503 2096 tempus
1515 2057 1563 2087 bis
1577 2056 1735 2088 inverso...

1781 1370 1819 1398 71

1781 1630 1821 1659 78

1780 2061 1821 2090 79

1119 2141 1257 2173 PROP.
1276 2141 1360 2172 VII.
1407 2140 1579 2184 PRQBL.
1595 2141 1645 2173 11.

997 2199 1135 2239 Gyretur
1159 2208 1269 2238 corpus
1296 2197 1330 2227 in
1355 2196 1601 2229 circumfmntia
1622 2198 1737 2235 circuli,

1036 2240 1202 2281 requiritur
1230 2240 1292 2270 lex<
1309 2239 1355 2271 vis
1383 2239 1558 2279 eentripetae
1586 2240 1739 2271 tendentis

1035 2283 1075 2313 ad
1089 2288 1242 2323 punctum
1256 2282 1462 2323 quodcunque
1476 2281 1592 2314 datum.
1597 2303 1735 2315 ..........

1095 2361 1234 2393 PROP.
1253 2360 1356 2392 VIII.
1405 2360 1578 2393 PROBL.
1599 2361 1670 2393 111.

994 2420 1161 2450 Moventur
1181 2428 1292 2457 corpus
1312 2418 1345 2448 in
1366 2417 1572 2449 semi-circulo
1589 2418 1618 2449 P
1634 2418 1669 2455 Q,
1682 2419 1732 2450 A:

1035 2461 1074 2492 ad
1090 2462 1174 2491 hunc
1196 2461 1341 2491 effectum
1362 2460 1528 2502 requiritur
1541 2460 1592 2490 lex
1607 2460 1653 2491 vis
1666 2471 1739 2491 cen-

1035 2505 1154 2543 tripetae
1174 2503 1328 2533 tendentis
1348 2502 1388 2532 ad
1408 2510 1559 2541 punctum
1580 2502 1657 2533 adeo
1670 2503 1738 2533 lon·

1035 2546 1188 2586 ginquum
1202 2545 1235 2582 S,
1249 2550 1286 2575 ut
1296 2544 1386 2575 lineae
1396 2554 1503 2575 omnes
1514 2544 1542 2575 P
1555 2545 1586 2580 S,
1606 2545 1638 2576 R
1651 2545 1684 2582 S,
1699 2546 1738 2576 ad

1036 2588 1068 2618 id
1083 2588 1194 2625 ductae,
1216 2597 1273 2627 pro
1286 2586 1437 2627 parallelis
1450 2587 1554 2617 haberi
1567 2588 1736 2626 possint...-

1132 2659 1268 2690 PROP.
1288 2659 1355 2690 IX.
1402 2659 1574 2692 PROBL.
1589 2659 1651 2690 IV.

999 2717 1134 2757 Gyretur
1155 2725 1266 2755 corpus
1289 2716 1323 2746 in
1348 2715 1453 2755 spirali
1480 2715 1509 2746 P
1525 2716 1559 2752 Q
1574 2716 1597 2746 S
1620 2721 1741 2746 secante

1037 2759 1137 2789 radios
1157 2768 1265 2788 omnes
1288 2759 1310 2789 S
1327 2758 1364 2793 P,
1389 2758 1410 2788 S
1428 2758 1472 2794 Q,
1495 2759 1552 2788 &c.
1576 2758 1609 2788 in
1624 2758 1740 2799 angulo

1038 2801 1127 2832 dato:
1153 2800 1319 2840 requiritur
1338 2800 1387 2830 lex
1410 2800 1456 2830 vis
1476 2799 1651 2839 centripetae
1672 2807 1740 2831 ten-

1038 2843 1137 2874 dentis
1150 2842 1192 2873 nl
1205 2849 1344 2873 centrum
1355 2842 1482 2882 spiralis.
1488 2865 1737 2874 ..................
1763 2845 1823 2874 104

1153 2911 1290 2942 PROP.
1308 2911 1352 2942 X.
1402 2911 1574 2943 PROBL.
1594 2912 1634 2943 V.

999 2968 1134 3007 Gyretur
1154 2976 1266 3005 corpus
1292 2966 1326 2996 in
1353 2967 1469 3007 ellipsi=
1506 2967 1669 3007 requirimr
1689 2968 1739 2998 lex

1039 3009 1085 3038 vis
1105 3009 1279 3048 centripetae
1302 3010 1455 3040 tendentis
1475 3010 1514 3040 ad
1535 3015 1675 3040 centrum
1696 3011 1740 3041 el-

1039 3052 1148 3091 lipseos
1155 3073 1361 3084 ...............
1363 3084 1366 3087 ,
1366 3075 1739 3085 ...........................
1765 3056 1824 3084 105

1780 2287 1822 2315 83

1781 2591 1822 2619 86
