2086 3542
74 1389 81 1392 “
133 1378 178 1420 bi
197 1378 374 1421 invicem
401 1393 563 1435 semper

144 265 294 307 LIBER
317 263 533 317 Pmmua]
597 262 916 308 PRINCIPIA
947 262 1441 311 MATHEMATICA.
1775 276 1856 314 281

198 383 360 437 quodvis
378 382 422 425 in
440 386 539 422 rotoe
550 381 767 434 perimetro
786 382 934 432 datum,
955 396 1006 422 ex
1031 395 1106 436 quo
1129 383 1287 437 globum
1315 384 1458 437 tetigit,
1490 385 1667 439 confecit,
1701 387 1779 428 erit
1806 388 1864 429 ad

198 457 437 510 duplicatum
454 454 580 494 sinum
601 467 748 495 versum
771 468 885 495 arcus
905 455 1064 495 dimidii
1082 456 1152 509 qui
1177 455 1333 509 globum
1362 462 1445 496 toto
1468 456 1540 496 hoc
1559 463 1728 511 tempore
1756 460 1862 502 inter

147 576 150 581 .
202 528 367 568 eundum
386 525 531 579 tetigit,
553 530 597 566 τά
614 524 842 581 ᾱζῇἓνεηίία
861 525 1138 567 diametrorum
1152 526 1263 581 globi
1282 533 1320 568 et
1338 533 1437 568 rotae
1455 529 1513 568 ad
1536 530 1860 572 semidiametrum

192 597 315 654 globi.

201 728 265 771 Sit
285 728 327 770 A
350 727 388 769 B
409 726 449 769 L
469 726 631 784 globus,
655 726 691 768 C
712 733 902 768 centrum
921 727 1023 783 ejuS,
1043 728 1082 770 B
1107 729 1143 770 P
1156 728 1198 770 V
1217 736 1310 771 rota
1323 730 1362 771 ei
1381 729 1587 782 insistens,
1612 732 1650 773 E
1671 739 1858 774 centrum

138 807 255 850 rotoe,
289 799 328 841 B
347 805 552 854 punctum
586 804 814 848 contactus,
850 805 892 839 et
927 797 964 839 P
997 806 1199 852 punctum
1230 799 1373 841 datum
1404 801 1448 842 in
1481 802 1706 857 perimetro
1740 812 1855 845 rotae.

141 873 326 929 Concipe
351 872 461 914 hanc
494 887 563 914 ro-

137 953 223 986 tam
234 960 410 1003 pergere
426 945 470 986 in
489 944 566 986 cir-

138 1017 566 1060 culomaximoABL

137 1089 190 1131 ab
208 1091 249 1132 A
269 1105 344 1146 per
366 1090 404 1132 B
423 1104 565 1132 versus

137 1161 191 1213 L,
205 1170 248 1204 et
259 1162 367 1204 inter
379 1161 563 1204 eundum

137 1232 196 1274 ita
227 1232 383 1274 revolvi
417 1241 464 1275 ut
496 1247 562 1274 ar-

135 1317 209 1345 cus
230 1303 271 1346 A
294 1303 345 1354 B,
369 1303 405 1345 P
433 1303 471 1345 B
506 1303 561 1344 si-

135 1459 371 1507 aequentur,
436 1459 560 1507 atque

134 1529 335 1576 punctum
350 1520 453 1562 illud
467 1521 504 1563 P
518 1521 563 1562 in

133 1593 357 1648 perimetro
369 1601 472 1636 rotae
488 1593 562 1635 da—

133 1671 222 1705 tum
233 1664 391 1706 interea
405 1663 560 1707 descri-

131 1736 232 1778 bere
256 1736 365 1778 'viam
395 1736 559 1778 curvili-

131 1822 252 1850 neam
268 1806 310 1850 A
326 1808 376 1851 P.
404 1808 472 1850 vSit
485 1824 558 1850 au-

131 1887 216 1921 tem
246 1879 288 1920 A
309 1878 346 1921 P
374 1878 442 1920 via
468 1886 557 1922 tota

131 1951 354 1993 curvilinea
373 1950 557 2006 descrip-

130 2030 174 2064 ta
192 2037 246 2064 ex
265 2037 348 2078 quo
362 2031 454 2065 rota
465 2023 558 2080 glo-

130 2093 232 2136 bum
247 2094 385 2151 tetigit
395 2095 439 2135 in
451 2095 507 2145 A,
516 2103 558 2137 et

131 2170 210 2211 erit
228 2169 307 2211 viae
326 2169 449 2228 hujus
466 2170 559 2211 lon-

129 2238 278 2296 gitudo
298 2240 339 2281 A
362 2240 399 2281 P
413 2239 467 2280 ad
482 2239 560 2281 du-

129 2309 246 2365 plum
287 2309 424 2351 sinum
464 2325 558 2352 ver-

130 2397 221 2424 sum
241 2397 360 2424 arcus
380 2385 408 2436 ᾖ
441 2382 478 2424 Ρ
499 2383 552 2433 Β,

129 2463 175 2496 ut
208 2461 235 2496 2
273 2455 309 2496 C
345 2455 383 2496 E
414 2455 464 2511 (9)
498 2455 552 2507 ad

132 2525 169 2567 C
192 2525 243 2568 B.
305 2525 416 2568 Nam
436 2533 550 2568 recta
567 2526 604 2568 C
627 2526 740 2582 E·(si
756 2541 862 2582 opus
883 2534 947 2569 est
964 2526 1186 2582 producta)
1207 2533 1397 2568 occurrat
1415 2532 1519 2567 rotae
1539 2525 1582 2567 in
1603 2524 1657 2576 V,
1672 2525 1856 2582 jungan-

130 2605 281 2653 turque
301 2597 338 2639 C
360 2597 411 2648 P,
442 2597 480 2639 B
503 2597 552 2649 P,
584 2597 623 2639 E
647 2600 698 2649 P,
721 2598 761 2640 V
784 2599 834 2649 P,
866 2607 908 2640 et
926 2598 970 2639 in
993 2598 1030 2640 C
1053 2599 1090 2641 P
1115 2597 1363 2654 productam
1388 2596 1629 2639 demittatur
1656 2597 1854 2639 normalis

54 2663 56 2665 ’
130 2662 172 2708 V
189 2668 238 2709 F.
296 2668 495 2726 Tangant
516 2667 553 2710 P
575 2668 637 2719 H,
660 2669 703 2710 V
718 2669 768 2711 H
789 2669 990 2711 circulum
1010 2670 1055 2710 in
1076 2669 1113 2711 P
1132 2677 1175 2711 et
1194 2669 1236 2710 V
1255 2675 1547 2710 concurrentes
1566 2668 1611 2708 in
1633 2667 1695 2718 H,
1727 2675 1855 2709 secet-

131 2752 212 2793 que
233 2739 270 2780 P
291 2738 353 2790 H,
375 2739 508 2795 ipsam
530 2740 570 2785 V
593 2740 629 2781 F
648 2739 691 2780 in
713 2740 770 2791 G,
803 2747 845 2782 et
863 2741 918 2782 ad
938 2740 978 2781 V
999 2740 1037 2781 P
1065 2740 1337 2782 demittantur
1365 2738 1573 2780 normales
1605 2738 1648 2780 G
1665 2739 1701 2789 I,
1725 2738 1774 2780 H
1796 2738 1852 2780 K.

134 2810 293 2851 Centro
320 2811 420 2852 item
442 2811 479 2853 C
499 2819 542 2853 et
559 2811 779 2874 intervallo
799 2812 945 2868 quovis
966 2812 1224 2854 describatur
1243 2811 1423 2853 circulus
1442 2826 1472 2852 n
1492 2826 1518 2852 o
1536 2817 1580 2851 m
1601 2825 1745 2853 secans
1765 2826 1854 2854 rec-

130 2890 216 2923 tam
237 2881 274 2923 C
296 2882 332 2924 P
351 2882 395 2923 in
414 2898 457 2934 n,
479 2892 584 2926 rotae
603 2884 876 2939 perimetrum
899 2886 937 2928 B
954 2885 990 2927 P
1010 2885 1054 2927 in
1075 2899 1114 2937 o,
1137 2893 1180 2928 et
1199 2885 1308 2926 viam
1328 2885 1596 2926 curvilineam
1612 2885 1654 2926 A
1672 2885 1709 2926 P
1724 2885 1766 2926 in
1785 2899 1851 2925 m·

174 3037 218 3079 (⁰)
243 3039 261 3057 ⁰
292 3039 333 3068 Ut
348 3040 368 3067 2
386 3039 411 3069 C
424 3039 456 3068 E
469 3040 510 3068 ad
527 3041 600 3070 CB.
648 3040 724 3070 Hoc
738 3046 794 3078 est,
806 3041 847 3071 ob
860 3043 880 3070 2
896 3041 923 3071 C
938 3041 968 3072 E
1013 3045 1033 3071 2
1051 3041 1081 3072 Β
1099 3042 1140 3076 Ε,
1157 3047 1194 3072 ut
1215 3051 1339 3072 summa
1361 3041 1410 3071 vel
1434 3040 1606 3072 differentia
1631 3041 1852 3074 diametrorum

131 3093 176 3110 -Σ
193 3085 213 3110 2
231 3080 256 3111 C
275 3080 303 3110 B
320 3080 362 3121 -Ι-
377 3084 396 3110 2
416 3080 442 3110 Β
461 3080 501 3116 Ε,
525 3081 572 3111 vel
589 3085 609 3112 2
627 3082 653 3113 C
672 3083 702 3112 E
723 3096 769 3112 =
792 3087 812 3113 2
830 3083 856 3114 C
882 3083 911 3114 B
926 3101 971 3108 —
1015 3084 1102 3124 globi
1118 3090 1150 3114 et
1164 3090 1239 3114 rotae
1253 3084 1293 3114 ad
1307 3084 1568 3116 semidiametrum
1583 3085 1678 3126 globi.
