2086 3542
698 265 859 298 INDEX
883 264 1298 298 PROPOSITIONUM.

200 403 219 424 ιι
232 392 341 423 circuli
357 391 405 423 vel
425 391 601 431 hyperbola-
625 392 812 432 rectangulae
835 401 902 422 ver-
918 366 971 391 Μ

198 437 259 466 tice
283 435 426 467 ulteriore
444 436 471 463 A
495 435 588 464 babet
611 433 652 464 ad
675 434 785 474 figurae
809 434 900 464 semi-

199 477 384 507 diametrum
395 475 594 515 principalem
609 475 632 517 -ξ
645 476 676 507 Δ
694 477 722 506 Β
724 497 900 507 .............
922 477 984 506 228

244 550 381 580 PROP.
400 549 572 581 XXXIV.
599 549 780 581 THEOR.
797 549 842 580 X.

160 605 193 637 Si
216 605 315 645 ligura
332 606 360 636 B
378 605 407 636 E
427 606 458 635 D
482 605 624 644 parabola
644 613 698 641 est,
725 606 795 637 dico
818 605 903 646 quod

199 648 334 686 corporis
354 647 490 678 cadentis
511 648 653 678 velocitas
667 649 699 678 in
715 648 783 679 loco
796 648 904 688 quovis

202 690 230 720 C
245 690 372 730 aequalis
385 697 430 720 est
445 689 597 720 velocitati
606 690 667 729 quai
676 700 787 729 corpus
796 698 902 720 centro

202 731 232 762 B
253 731 382 761 dimidio
408 732 560 761 intervalli
582 733 631 762 sui
656 733 684 762 Β
702 733 728 763 C
753 732 903 762 circulum

198 773 394 805 uniformiter
408 773 576 804 describere
591 780 690 813 potest
691 795 898 805 ...............

243 849 382 880 PROP.
396 849 550 880 XXXV.
578 849 760 880 THEOR.
776 850 840 880 XI.

157 904 276 937 Iisdem
286 906 402 944 positis,
415 905 485 935 dico
495 904 578 944 quod
586 915 657 935 area
665 904 773 945 figurae
783 905 816 935 D
830 905 859 935 E
870 905 901 942 S,

199 947 287 978 radio
310 947 471 977 indefinito
494 948 516 977 S
542 947 572 977 D
595 946 751 985 descripta,
776 947 902 988 aequalis

199 991 238 1021 sit
260 1000 337 1020 areae
362 998 454 1030 quam
480 999 600 1028 corpus
630 988 716 1019 radio
738 988 902 1019 dimidium

202 1032 305 1063 lateris
319 1032 393 1062 recti
407 1031 515 1071 ligurae
535 1032 565 1062 D
578 1031 608 1061 E
623 1031 645 1061 S
659 1037 808 1071 aequante,
824 1032 903 1062 circa

199 1081 340 1106 centrum
369 1074 391 1104 S
415 1073 612 1104 uniformiter
633 1073 773 1114 gyrando
794 1073 902 1104 eodem

199 1123 337 1156 tempore
351 1116 521 1147 describere
534 1123 643 1154 potest.
650 1137 898 1147 ..................
908 1114 981 1146 ibid.

923 777 987 805 230

218 1190 357 1221 PROP.
372 1190 546 1221 XXXVI.
574 1190 746 1221 PROBL.
764 1191 880 1222 XXV.

161 1247 307 1286 Corporis
326 1246 365 1277 de
385 1246 454 1277 loco
469 1245 540 1277 dato
557 1246 588 1277 A
604 1247 740 1278 cadentis
760 1247 902 1278 determi-

199 1299 274 1319 nare
287 1295 426 1328 tempora
445 1288 608 1320 descensus
610 1311 900 1321 .....................
924 1293 985 1320 233

203 1367 342 1398 PROP.
358 1367 555 1398 XXXVII.
580 1368 751 1400 PROBL.
763 1369 892 1399 XXVI.

160 1425 304 1467 Corporis
318 1424 357 1455 de
371 1425 440 1455 loco
453 1425 526 1455 dato
547 1424 670 1457 sursum
691 1425 740 1456 vel
761 1424 905 1457 deorsum

199 1468 326 1508 projecti
340 1467 467 1498 definire
481 1474 618 1506 tempora
632 1478 773 1498 ascensus
787 1468 835 1497 vel
849 1467 903 1498 de-

201 1519 332 1541 scensus.
338 1530 899 1541 ........................................
923 1513 984 1540 284

210 1579 350 1610 PROP.
365 1579 580 1610 XXXVIII.
604 1579 786 1610 THEOR..
803 1579 888 1610 XII.

160 1632 267 1665 Posito
281 1633 365 1673 quod
379 1634 423 1663 vis
438 1634 605 1672 centripeta
616 1633 850 1673 proportionalis
864 1634 904 1664 sit

199 1675 353 1705 altitudini
369 1686 424 1705 seu
437 1675 589 1706 distantiae
604 1676 742 1706 locorum
755 1686 775 1706 a
788 1683 902 1712 cenae,

200 1717 270 1747 dico
280 1717 362 1757 quod
378 1717 553 1747 cadentium
566 1724 712 1756 tempora,
729 1718 903 1748 velocitates

200 1766 231 1790 et
244 1760 341 1799 spatia
354 1758 510 1798 descripta,
527 1766 600 1790 sunt
613 1761 744 1790 arcubus
758 1770 903 1789 arcuum-

200 1811 261 1841 que
275 1801 393 1832 sinibus
407 1803 495 1831 rectis
509 1809 540 1831 et
554 1802 673 1832 sinibus
683 1802 774 1831 versis
785 1811 902 1840 respec-

199 1843 262 1874 tive
276 1843 518 1882 proportionalia.
522 1865 897 1874 ...........................
922 1847 984 1875 235

203 1913 342 1944 PROP.
361 1913 535 1943 XXXIX.
564 1913 736 1943 PROBL.
750 1914 900 1945 XXVII.

164 1970 267 2001 Positii
282 1971 494 2011 cujuscunque
507 1970 627 2011 generis
642 1970 670 1999 vi
686 1970 861 2009 centripetii,
872 1976 904 2002 et

201 2014 350 2042 concessis
374 2012 544 2052 figurarum
569 2012 804 2042 cnrvilinearum
828 2022 903 2052 qua-

201 2055 341 2089 draturis,
365 2053 528 2093 requiritur
543 2054 676 2092 corporis
689 2053 773 2084 rectzi
794 2064 899 2084 ascen-

201 2096 302 2127 dentis
322 2096 371 2126 vel
393 2096 605 2126 descendentis
620 2096 688 2126 tum
704 2096 846 2126 velocitas
867 2097 902 2126 in

202 2138 277 2169 locis
292 2138 431 2179 singulis,
447 2137 514 2168 tum
529 2145 651 2176 tempus
663 2148 726 2178 quo
740 2148 852 2177 corpus
864 2138 903 2169 ad

201 2181 304 2211 locum
319 2180 457 2221 quemvis
471 2181 642 2220 pervenietz
667 2187 699 2210 et
713 2187 818 2210 contra
820 2203 900 2212 ......

266 2248 404 2280 PROP.
421 2248 496 2279 XL.
542 2248 722 2279 ΤΗΕΟΒκ
735 2249 844 2280 XIII.

162 2307 194 2336 Si
208 2317 318 2346 corpus
331 2313 460 2347 cogente
480 2306 510 2336 vi
530 2306 715 2348 quicunque
735 2307 901 2346 centripetzi

200 2355 360 2379 moveatur
374 2355 541 2389 utcunque,
557 2355 588 2379 et
601 2359 712 2388 corpus
725 2349 811 2380 aliud
821 2349 902 2379 rectzi

200 2391 343 2421 ascendat
371 2392 417 2421 vel
444 2390 616 2428 descendat,
646 2391 767 2432 sintque
795 2402 903 2421 eorum

200 2433 376 2463 velocitates
395 2433 429 2463 in
450 2433 553 2473 aliquo
576 2433 741 2474 aequalium
765 2433 902 2464 altitudi-

200 2485 276 2505 num
292 2485 364 2506 casu
379 2475 521 2516 aequales,
545 2475 718 2506 velocitates
739 2486 846 2506 eorum
869 2475 902 2505 in

200 2518 345 2548 omnibus
372 2517 541 2558 aequalibus
568 2517 782 2548 altitudinibus
811 2524 903 2549 erunt

200 2560 340 2600 aequales.
341 2581 901 2591 ........................................

243 2632 383 2663 PROP.
400 2633 497 2663 XLI.
522 2633 694 2664 PROBL.
710 2633 890 2664 XXVIII.

162 2686 268 2718 Posita
282 2689 495 2729 cujuscunque
516 2689 637 2728 generis
649 2688 680 2718 vi
694 2689 859 2729 centripetfi
873 2695 904 2720 et

201 2731 350 2760 concessis
373 2730 543 2771 figurarum
569 2731 805 2761 curvilinearum
827 2743 903 2773 qua-

201 2771 341 2808 draturis,
356 2773 555 2812 requiruntur
575 2779 643 2803 tum
666 2773 847 2813 trajectoriae
868 2774 902 2804 in

200 2814 312 2852 quibus
320 2825 444 2862 corpora
455 2816 670 2851 movebuntur,
687 2821 754 2846 tum
766 2822 904 2855 tempora

200 2861 344 2885 motuum
359 2857 389 2886 in
405 2857 582 2897 trajectoriis
602 2857 733 2887 inventis
735 2880 900 2890 ............
924 2861 986 2890 246

245 2922 383 2953 PROP.
398 2923 515 2955 XLII.
540 2925 710 2963 PROBL.
722 2925 857 2956 XXIX.

162 2976 246 3009 Data
259 2979 328 3019 lege
349 2979 394 3009 vis
414 2980 598 3018 centripetae,
621 2981 786 3022 requiritur
798 2988 904 3012 motus

202 3021 334 3058 corporis
348 3021 387 3051 de
400 3022 469 3052 loco
477 3022 558 3059 dato,
575 3023 647 3054 data
660 3034 732 3054 cum
743 3024 902 3054 velocitate

200 3063 371 3093 secundum
385 3063 488 3095 datam
502 3071 616 3096 rectam
629 3067 740 3108 egressi
748 3087 899 3098 ...........
923 3069 986 3098 256

923 2185 986 2213 256

925 2563 982 2591 241

1757 272 1841 312 427

1096 390 1232 422 PROP.
1248 391 1384 422 XLIII.
1408 391 1578 423 PROBL.
1594 393 1715 424 xxx.
1778 369 1832 394 ’Ψ

1020 447 1229 478 Efficiendum
1258 454 1303 478 est
1329 455 1364 478 ut
1391 459 1501 488 corpus
1529 450 1561 478 in
1590 448 1760 489 trajectorid

1059 499 1243 530 quacunque
1267 490 1347 520 circa
1368 499 1507 521 centrum
1529 492 1641 521 virium
1662 492 1760 522 revol-

1061 539 1150 562 vente
1171 532 1297 571 perinde
1311 533 1424 562 moveri
1439 533 1532 583 possit
1546 540 1637 573 atque
1650 543 1761 573 corpus

1060 574 1169 604 aliud
1159 584 1192 604 in
1206 572 1315 604 eadem
1329 574 1499 614 trajectoria
1511 576 1685 615 quiescente
1692 596 1758 607 .....
1782 577 1845 606 258

1105 644 1246 676 PROP.
1264 644 1395 675 XLIV.
1421 643 1601 676 THEOR.
1617 647 1716 677 XIV.

1022 700 1206 731 Differentia
1227 700 1338 730 virium
1362 700 1475 740 quibus
1497 711 1609 740 corpus
1631 703 1662 732 in
1689 704 1762 734 orbe

1061 744 1236 783 quiescente
1250 749 1282 772 et
1295 753 1404 781 corpus
1418 743 1502 772 aliud
1517 743 1549 772 in
1566 745 1673 773 eodem
1688 747 1762 774 orbe

1062 785 1234 815 revolvente
1249 785 1406 824 aequaliter
1420 786 1534 815 moveri
1558 793 1693 823 possunt,
1716 792 1762 816 est

1061 827 1093 856 in
1109 825 1259 865 triplicata
1273 827 1393 857 ratione
1406 827 1580 857 communis
1594 828 1765 858 altitudinis

1063 869 1070 875 ¹
1166 868 1175 879 Χ

1061 879 1178 899 inverse
1179 890 1732 900 ........................................
1753 892 1762 900 .

1106 938 1242 969 PROP.
1261 938 1371 969 XLV.
1409 938 1582 970 PROBL.
1601 939 1739 970 XXXI.

1023 995 1155 1026 Orbium
1176 995 1230 1036 qui
1250 1001 1322 1026 sunt
1343 996 1465 1026 circulis
1485 996 1619 1027 maxime
1639 996 1763 1027 finitimi

1062 1038 1258 1078 requiruntur
1272 1044 1376 1068 motus
1396 1038 1537 1078 apsidum
1538 1060 1762 1070 ................
1785 1041 1847 1070 267

1785 873 1848 902 259

1085 1107 1223 1139 PROP.
1240 1108 1372 1139 XLVI.
1400 1109 1573 1140 PROBL.
1586 1109 1749 1140 XXXII.

1023 1162 1128 1192 Posita
1156 1163 1368 1204 cujuscunque
1392 1165 1514 1204 generis
1542 1163 1571 1193 vi
1599 1163 1766 1203 centripeta

1062 1203 1193 1244 datoque
1215 1211 1285 1235 tum
1310 1206 1421 1236 virium
1450 1213 1555 1236 centro
1576 1212 1643 1236 tum
1673 1207 1765 1246 plano

1061 1256 1246 1287 quocunque
1266 1248 1299 1277 in
1321 1258 1383 1288 quo
1407 1258 1518 1286 corpus
1538 1247 1711 1285 revolvitur,
1733 1254 1767 1279 et

1062 1288 1210 1319 concessis
1234 1289 1405 1338 figurarum
1429 1290 1664 1320 curvilinearum
1689 1301 1766 1330 qua-

1062 1330 1213 1368 draturis;
1242 1332 1408 1371 requiritur
1436 1338 1540 1362 motus
1568 1332 1703 1371 corporis
1725 1334 1766 1362 de

1062 1372 1131 1403 loco
1140 1373 1222 1410 dato,
1238 1374 1309 1403 data
1324 1384 1396 1404 cum
1408 1374 1576 1411 velocitate,
1592 1374 1766 1405 secundum

1061 1421 1176 1445 rectam
1189 1415 1222 1445 in
1237 1415 1330 1454 plano
1343 1416 1398 1447 illo
1412 1417 1516 1447 datam
1530 1416 1650 1457 egressi.
1652 1437 1762 1448 ........

1105 1488 1245 1520 PROP.
1265 1489 1417 1520 XLVII.
1444 1490 1624 1521 THEOR.
1641 1490 1720 1521 XV.

1023 1545 1130 1576 Posito
1144 1545 1228 1585 quod
1242 1547 1287 1576 vis
1297 1547 1464 1586 centripeta
1479 1547 1713 1586 proportionalis
1727 1547 1766 1579 sit

1062 1587 1213 1618 distantiae
1226 1589 1360 1627 corporis
1375 1600 1394 1619 a
1408 1596 1511 1620 centro
1519 1601 1529 1627 ;
1552 1600 1678 1628 corpora
1698 1599 1764 1619 om-

1062 1630 1115 1659 nia
1136 1630 1168 1659 in
1193 1630 1291 1668 planis
1318 1632 1552 1672 quibuscunque
1580 1631 1766 1662 revolventia

1063 1672 1234 1702 describent
1248 1672 1379 1711 ellipses,
1404 1679 1436 1703 et
1455 1673 1661 1704 revolutiones
1685 1681 1765 1704 tem-

1062 1714 1186 1752 poribus
1197 1715 1366 1754 aequalibus
1376 1723 1523 1756 peragent
1533 1728 1542 1752 ;
1557 1726 1689 1756 querque
1700 1727 1767 1746 mo-

1063 1762 1172 1786 ventur
1187 1756 1219 1787 in
1232 1756 1321 1786 lineis
1334 1758 1432 1792 rectis,
1455 1756 1539 1788 ultro
1553 1757 1690 1798 citroque
1703 1758 1767 1788 dis-

1062 1798 1215 1828 currendo
1250 1799 1388 1839 singulas
1422 1800 1517 1830 eundi
1553 1807 1584 1829 et
1618 1800 1767 1830 redeundi

1061 1839 1201 1879 periodos
1216 1840 1324 1870 iisdem
1340 1843 1528 1881 temporibus
1548 1842 1760 1873 absolvent...-

1085 1913 1223 1945 PROP.
1239 1915 1410 1946 XLVIII.
1449 1917 1628 1947 THEOR.
1643 1917 1744 1947 XVI.

1023 1968 1055 1999 Si
1069 1975 1136 1999 rota
1157 1970 1251 2010 globo
1265 1969 1453 2000 extrinsecus
1466 1970 1506 2000 ad
1521 1972 1653 2011 angulos
1669 1978 1766 2002 rectos

1061 2010 1188 2046 insistat,
1204 2017 1236 2041 et
1249 2021 1334 2041 more
1348 2019 1484 2041 rotarum
1499 2013 1599 2042 revolv
1601 2014 1681 2043 endo
1695 2012 1766 2052 pro-

1062 2052 1218 2092 grediatur
1239 2053 1272 2081 in
1294 2053 1409 2082 circulo
1423 2054 1580 2091 maximo3
1603 2055 1766 2094 longitudo

1062 2094 1179 2125 itineris
1192 2094 1351 2124 curvilinei
1365 2095 1450 2134 quod
1465 2103 1615 2133 punctum
1635 2097 1765 2136 quodvis

1062 2135 1096 2165 in
1110 2143 1184 2167 rotae
1198 2136 1361 2175 perimetro
1375 2136 1492 2174 datum,
1508 2147 1546 2167 ex
1560 2148 1659 2178 quog
1660 2139 1765 2168 lobum

1034 2180 1037 2182 '
1062 2178 1171 2219 tetigit,
1194 2178 1334 2214 confecit,
1359 2179 1517 2219 (quodque
1531 2150 1700 2219 cycloidgem
1715 2180 1765 2210 vel

1062 2220 1283 2260 epicycloidem
1299 2221 1458 2251 nominare
1471 2221 1557 2262 licet)
1580 2223 1637 2253 erit
1651 2222 1690 2252 ad
1705 2222 1765 2253 du-

1062 2262 1211 2301 plicatum
1225 2262 1328 2292 sinum
1343 2273 1464 2293 versum
1478 2263 1567 2294 arcus
1580 2264 1700 2294 dimidii
1710 2265 1766 2305 qui

1061 2304 1191 2353 globum
1205 2315 1242 2335 ex
1258 2315 1295 2335 eo
1308 2310 1445 2343 tempore
1465 2305 1546 2336 inter
1566 2306 1704 2336 eundum
1719 2314 1765 2337 te-

1062 2346 1142 2387 tigit,
1158 2353 1194 2376 ut
1208 2346 1380 2377 differentia
1398 2347 1617 2378 diametrorum
1637 2347 1722 2388 globi
1736 2355 1767 2380 et

1061 2395 1136 2419 rotae
1150 2388 1190 2419 ad
1203 2389 1278 2419 semi
1283 2388 1477 2420 -diametrum
1498 2390 1593 2431 globi.
1599 2413 1764 2423 ...........

1100 2458 1239 2493 PROP.
1258 2458 1385 2489 XLIX.
1413 2459 1594 2491 THEOR..
1604 2459 1684 2490 XVI
1692 2460 1721 2491 I.

1023 2515 1056 2546 Si
1069 2521 1136 2546 rota
1150 2516 1232 2556 globi
1247 2525 1380 2546 concavo
1393 2515 1432 2550 ad
1447 2522 1544 2546 rectos
1565 2516 1696 2557 angulos
1716 2517 1765 2547 in-

1062 2558 1212 2588 trinsecus
1235 2558 1353 2588 insistat
1371 2564 1403 2588 et
1427 2559 1611 2589 revolvendo
1639 2569 1764 2599 progre-

1062 2600 1166 2630 diatur
1180 2600 1212 2630 in
1227 2600 1343 2631 circulo
1364 2601 1510 2637 maximo,
1537 2601 1701 2641 longitudo
1715 2602 1765 2631 iti-

1062 2642 1143 2672 neris
1166 2642 1326 2672 curvilinei
1350 2642 1435 2683 quod
1459 2649 1613 2681 punctum
1635 2643 1765 2683 quodvis

1062 2684 1095 2714 in
1109 2691 1184 2714 rotae
1198 2685 1362 2723 perimetro
1375 2684 1491 2721 datum,
1507 2695 1544 2716 ex
1559 2695 1622 2725 quo
1635 2685 1766 2726 globum

1063 2726 1172 2766 tetigit,
1188 2726 1329 2761 confecit,
1345 2727 1402 2757 erit
1413 2727 1452 2757 ad
1461 2727 1652 2766 duplicatum
1661 2727 1765 2758 sinum

1062 2779 1184 2798 versum
1207 2768 1295 2799 arcus
1318 2768 1439 2799 dimidii
1464 2770 1518 2809 qui
1543 2770 1671 2810 globum
1699 2776 1766 2800 toto

1062 2811 1121 2840 hoc
1149 2816 1286 2849 tempore
1313 2811 1392 2841 inter
1420 2811 1559 2841 eundum
1588 2812 1698 2852 tetigit,
1729 2819 1765 2842 ut

1062 2852 1233 2882 differentia
1248 2852 1467 2883 diametrorum
1489 2854 1574 2894 globi
1589 2861 1619 2884 et
1634 2861 1710 2884 rotae
1724 2854 1764 2885 ad

1062 2895 1337 2926 semidiametri-um
1358 2895 1441 2935 globi
1443 2916 1762 2927 .......................
1773 2896 1846 2927 ibid.

1786 1420 1848 1447 278

1786 1846 1848 1874 279

1787 2395 1851 2422 280

1116 2964 1253 2995 PROP.
1270 2964 1308 2995 L.
1344 2964 1517 2996 PROBL.
1532 2966 1710 2997 XXXIII.

1023 3020 1136 3051 Facere
1163 3027 1200 3051 ut
1223 3030 1333 3059 corpus
1354 3020 1528 3060 pendulum
1556 3022 1712 3053 oscilletur
1731 3023 1765 3054 in

1062 3063 1199 3103 cycloide
1219 3063 1289 3094 dani
1291 3085 1763 3097 ..................................
1787 3066 1851 3096 285
