2086 3542
255 266 340 304 260
665 260 1112 304 PHILOSOPHIAE
1143 260 1186 302 N
1193 260 1500 304 ATURALIS
1598 261 1742 313 [Mor.
1764 262 1954 306 Gauron.

250 377 445 420 volventis
463 385 601 432 partes
621 392 650 420 u
668 391 710 432 p,
727 391 756 432 p
775 378 830 428 k;
860 385 903 420 et
929 384 1178 432 punctorum
1208 377 1257 427 P,
1281 376 1325 420 K
1354 377 1548 419 distantia
1576 377 1830 434 intelligatur
1861 393 1956 422 esse

248 464 373 505 quam
391 450 572 492 minima.
631 448 668 492 A
691 458 847 505 puncto
865 450 895 491 k
914 450 958 490 in
977 458 1132 491 rectam
1150 464 1179 504 p
1211 449 1248 490 C
1282 448 1451 491 demitte
1483 449 1827 504 perpendiculum
1862 450 1892 491 k
1910 465 1951 504 r,¹

246 520 436 577 idemque
455 521 614 576 produc
634 521 688 562 ad
706 535 762 571 m,
784 528 831 562 ut
853 520 906 562 sit
924 535 966 561 m
986 535 1008 561 r
1027 520 1080 561 ad
1099 520 1128 560 k
1158 534 1180 560 r
1208 527 1255 561 ut
1285 520 1458 576 angulus
1480 519 1519 560 V
1541 519 1577 561 C
1596 534 1625 575 Ρ
1656 519 1712 566 ad
1745 520 1945 577 angulum

247 590 289 632 V
325 591 362 634 C
403 591 452 632 P.
512 591 721 641 Quoniam
752 605 972 645 corporum
1006 590 1240 632 altitudines

247 661 285 704 P
307 662 343 704 C
364 670 405 703 et
422 676 452 717 p
475 662 524 712 C,
561 662 603 704 K
626 662 662 703 C
683 669 723 702 et
741 661 770 701 k
792 660 842 711 C,
879 674 1042 714 semper
1074 673 1240 715 aequan-

243 738 324 782 tur,
345 731 605 773 manifestum
624 738 686 772 est
713 729 825 786 quod
858 729 1057 770 linearum
1087 728 1124 770 P
1146 728 1182 770 C
1201 734 1244 770 et

243 811 272 854 p
314 799 350 840 C
388 799 642 841 incrementa
682 798 747 839 vel
781 797 1042 838 decrementa
1081 811 1244 852 semper

245 866 326 908 sint
345 867 532 922 aequalia,
554 867 730 922 ideoque
751 865 785 907 si
816 879 1038 920 corporum
1067 865 1111 906 in
1141 865 1242 907 locis
1302 870 1310 880 “

244 935 281 978 Ρ
319 944 360 977 et
396 951 426 991 p
461 936 725 979 existentium
764 935 1072 992 distinguantur
1104 943 1241 979 motus
1273 954 1277 985 1.
1307 923 1314 935 ⁸
1363 977 1380 994 γ

242 1010 394 1067 singuli
445 1013 536 1065 (per
566 1010 707 1066 legum
749 1009 889 1058 Corol.
922 1009 980 1061 2.)
1026 1009 1070 1049 in
1107 1009 1238 1059 binos,

242 1094 419 1135 quorum
438 1080 483 1120 hi
502 1094 643 1121 versus
671 1087 872 1129 centrum,
904 1079 987 1119 sive
1017 1079 1244 1121 secundum
1314 1096 1333 1133 ῃ
1377 1073 1386 1088 '

241 1146 371 1188 lineas
403 1148 440 1189 P
462 1147 511 1197 C,
548 1159 576 1202 p
615 1146 651 1188 C
681 1146 1020 1197 determinentur,
1055 1155 1098 1188 et
1126 1147 1245 1189 alteri

240 1216 446 1271 prioribus
474 1215 696 1257 transversi
732 1215 825 1265 sint,
857 1222 899 1257 et
932 1215 1161 1257 secundum
1193 1216 1244 1257 li-

239 1302 339 1328 neas
368 1287 466 1342 ipsis
497 1286 534 1328 P
567 1287 616 1337 C,
658 1301 688 1341 p
720 1286 756 1330 C
784 1285 1146 1341 perpendiculares
1181 1286 1244 1328 di-

240 1358 465 1399 rectionem
494 1356 697 1406 habeant3
727 1363 864 1397 motus
894 1370 1036 1399 versus
1057 1364 1244 1398 centrum

240 1436 361 1470 erunt
375 1428 567 1484 aequales,
590 1434 631 1468 et
649 1433 785 1468 motus
803 1434 1060 1469 transversus
1081 1427 1266 1482 corporis
1285 1441 1314 1482 Ρ
1330 1427 1408 1468 erit
1425 1426 1480 1468 ad
1493 1433 1652 1467 motum
1667 1433 1942 1467 transversum

239 1497 423 1555 corporis
445 1500 494 1549 P,
516 1506 563 1540 ut
581 1505 717 1540 motus
738 1497 944 1554 angularis
959 1498 1080 1539 lineae
1099 1513 1128 1553 p
1150 1498 1187 1540 C
1202 1498 1255 1540 ad
1267 1506 1426 1541 motum
1439 1496 1678 1554 angularem
1692 1495 1813 1538 lineae
1833 1496 1870 1538 P
1892 1495 1942 1546 C,

238 1572 283 1613 id
302 1580 377 1621 est,
408 1579 454 1612 ut
483 1570 658 1627 angulus
679 1570 720 1611 V
743 1570 779 1611 C
807 1584 836 1624 p
866 1569 921 1610 ad
954 1569 1153 1635 angulum
1172 1570 1213 1612 V
1233 1570 1270 1612 C
1299 1570 1348 1612 P.
1409 1570 1544 1626 Igitur
1577 1569 1725 1611 eodem
1757 1575 1944 1624 tempore

239 1657 322 1698 quo
343 1656 491 1697 corpus
513 1641 549 1682 P
567 1649 683 1684 motu
704 1656 779 1682 suo
799 1648 975 1696 utroque
994 1641 1183 1696 pervenit
1201 1641 1255 1684 ad
1274 1648 1475 1697 punctum
1497 1641 1553 1691 K,
1575 1655 1725 1696 corpus
1746 1654 1775 1695 p
1794 1639 1945 1695 aequali

238 1714 282 1755 in
302 1721 490 1756 centrum
509 1720 625 1755 motu
644 1712 856 1768 aequaliter
874 1713 1108 1754 movebitur
1127 1728 1152 1754 a
1170 1728 1201 1768 p
1221 1728 1360 1755 versus
1382 1713 1432 1764 C,
1453 1712 1628 1768 ideoque
1648 1712 1853 1767 completo
1871 1712 1943 1753 illo

238 1793 425 1840 tempore
441 1785 669 1840 reperietur
688 1784 839 1827 alicubi
858 1784 902 1825 in
921 1783 1029 1826 linea
1050 1799 1093 1825 m
1113 1784 1141 1825 k
1161 1799 1196 1834 r,
1217 1799 1311 1840 quae
1329 1798 1406 1839 per
1434 1791 1630 1839 punctum
1661 1784 1691 1824 k
1719 1784 1763 1824 in
1791 1783 1943 1827 lineam

237 1871 267 1911 p
290 1857 326 1897 C
345 1855 699 1911 perpendicularis
721 1862 807 1905 est3
838 1862 881 1896 et
898 1862 1015 1896 motu
1044 1862 1276 1897 transverso
1307 1856 1491 1911 acquiret
1521 1855 1754 1897 distantiam
1781 1871 1807 1897 a
1833 1855 1942 1898 linefi

237 1943 267 1983 p
290 1928 339 1979 C,
364 1942 456 1984 quae
477 1927 529 1968 sit
548 1926 602 1968 ad
619 1926 855 1968 distantiam
876 1941 999 1981 quam
1019 1941 1169 1982 corpus
1190 1927 1364 1969 alterum
1381 1927 1417 1968 P
1437 1927 1609 1982 acquirit
1637 1942 1662 1968 a
1690 1926 1798 1968 linea
1829 1927 1865 1970 P
1888 1927 1939 1979 C,

237 2008 285 2042 ut
304 2008 364 2041 est
382 2007 518 2040 motus
540 2006 792 2040 transversus
812 1999 995 2053 corporis
1014 2013 1043 2053 p
1063 1999 1116 2040 ad
1135 2007 1293 2040 motum
1323 2007 1599 2040 transversum
1628 2000 1811 2054 corporis
1840 2000 1941 2043 alte-

238 2072 322 2113 rius
346 2071 393 2112 Ρ.
453 2071 596 2120 Quare
616 2085 710 2112 cum
729 2070 759 2111 k
778 2085 801 2111 r
819 2070 989 2125 aequalis
1009 2071 1062 2113 sit
1090 2071 1294 2113 distantiae
1324 2086 1446 2127 quam
1482 2086 1631 2127 corpus
1653 2072 1690 2115 P
1709 2073 1883 2129 acquirit
1915 2087 1941 2114 a

237 2144 345 2185 linea
369 2143 404 2185 P
427 2143 476 2193 C,
499 2143 632 2198 sitque
651 2157 695 2183 m
713 2157 735 2183 r
755 2142 809 2183 ad
827 2142 857 2183 k
877 2156 899 2182 r
918 2150 964 2183 ut
993 2141 1166 2200 angulus
1182 2143 1223 2185 V
1245 2144 1281 2185 C
1310 2158 1338 2198 p
1368 2144 1421 2185 ad
1451 2144 1648 2201 angulum
1668 2144 1709 2186 V
1731 2145 1767 2186 C
1789 2145 1838 2196 P,
1858 2144 1939 2186 hoc

238 2223 312 2266 est,
335 2223 381 2257 ut
399 2222 534 2256 motus
556 2221 813 2257 transversus
834 2214 1018 2269 corporis
1037 2229 1066 2269 p
1088 2214 1141 2255 ad
1174 2222 1334 2255 motum
1368 2222 1644 2256 transversum
1674 2216 1858 2271 corporis
1889 2216 1938 2268 P,

240 2288 288 2342 (⁰)
319 2286 581 2328 manifestum
601 2293 665 2327 est
684 2285 795 2342 quod
816 2300 963 2340 corpus
982 2300 1011 2341 p
1026 2285 1231 2340 completo
1249 2285 1321 2326 illo
1336 2293 1520 2340 tempore
1539 2285 1766 2341 reperietur
1783 2287 1828 2327 in
1846 2286 1939 2329 loco

238 2373 293 2399 m.
355 2346 466 2400 Haec
484 2358 542 2399 ita
563 2372 606 2398 se
624 2356 836 2398 habebunt
855 2357 927 2398 ubi
942 2371 1116 2412 corpora
1144 2371 1173 2411 p
1193 2365 1234 2398 et
1256 2358 1292 2399 P
1321 2357 1531 2413 aequaliter
1560 2357 1785 2399 secundum
1810 2357 1938 2400 lineas

236 2444 265 2484 p
288 2429 323 2470 C
344 2437 384 2470 et
407 2429 441 2469 P
464 2429 500 2470 C
520 2436 752 2478 moventur,
785 2427 960 2483 ideoque
991 2427 1215 2483 aequalibus
1249 2428 1402 2469 viribus
1438 2426 1661 2468 secundum
1690 2427 1817 2469 lineas
1846 2426 1937 2469 illas

238 2508 449 2557 urgentur.
511 2499 708 2554 Capiatur
728 2506 865 2541 autem
884 2499 1104 2556 angulusp
1127 2499 1163 2540 C
1183 2513 1211 2539 n
1232 2499 1283 2540 ad
1311 2498 1507 2555 angulum
1535 2513 1564 2554 p
1587 2498 1623 2540 C
1642 2498 1671 2539 k
1699 2506 1746 2540 ut
1774 2507 1836 2542 est
1862 2514 1935 2541 an-

279 2627 324 2670 (0)
349 2630 366 2648 *
390 2627 593 2668 Manifestum
607 2632 648 2658 est
663 2628 742 2667 quod
756 2637 863 2667 corpus
873 2638 908 2667 p,
923 2627 980 2657 &a
1012 2626 1065 2656 Ex
1106 2636 1127 2665 p
1144 2626 1171 2656 C
1185 2631 1315 2666 urgente
1329 2631 1484 2665 percurrat
1497 2636 1518 2665 p
1532 2636 1548 2656 r
1560 2638 1606 2656 =
1623 2625 1653 2656 P
1669 2625 1710 2663 R,
1733 2625 1841 2657 eodem
1855 2632 1934 2659 tcm-

238 2675 353 2709 puncto
370 2669 403 2700 K
418 2669 450 2699 in
465 2674 582 2699 rectam
598 2669 627 2699 P
641 2669 677 2704 C,
693 2668 861 2699 demissum
875 2668 1066 2709 intelligatur
1106 2678 1180 2706 pore
1193 2678 1256 2708 quo
1269 2678 1380 2707 corpus
1397 2668 1425 2698 P
1447 2668 1594 2707 percurrit
1617 2667 1646 2699 P
1664 2669 1694 2699 R
1709 2674 1764 2699 aut
1781 2669 1812 2699 R
1835 2669 1869 2700 K
1885 2669 1934 2700 vel

235 2711 488 2751 perpendiculum
506 2710 540 2741 K
558 2712 598 2748 R,
615 2717 646 2742 et
659 2711 716 2741 erit
732 2711 760 2741 P
777 2712 808 2742 R
821 2721 902 2750 ΞΡ
915 2720 940 2742 r.
989 2710 1065 2740 mn·
1109 2710 1137 2740 P
1154 2710 1198 2747 K,
1214 2715 1246 2740 et
1258 2710 1289 2740 vi
1311 2710 1408 2742 altera
1433 2710 1604 2741 seeundum
1620 2709 1819 2742 directionem
1841 2716 1933 2743 rect·

235 2764 347 2794 gamus
361 2764 471 2792 corpus
489 2753 516 2783 P
531 2753 653 2784 deloco
670 2753 698 2783 P
712 2752 754 2783 ita
776 2754 881 2794 pmjioi
905 2758 942 2783 ut
965 2753 995 2782 vi
1016 2762 1063 2782 se-
1105 2762 1122 2782 r
1145 2762 1188 2788 m,
1315 2752 1396 2783 elam
1421 2752 1606 2792 impellente,
1632 2762 1742 2792 corpus
1765 2763 1797 2792 p,
1822 2753 1933 2785 eodem

236 2795 373 2826 cundum
399 2795 598 2826 directionem
628 2796 657 2826 P
684 2795 720 2831 C,
751 2801 881 2836 urgente
908 2799 1064 2834 percurrat
1105 2801 1242 2833 tempore
1269 2794 1418 2825 describat
1441 2794 1574 2833 spatium
1597 2795 1715 2834 aequale
1738 2801 1830 2826 recto
1850 2804 1868 2825 r
1886 2805 1930 2834 m,

237 2838 370 2876 spatium
387 2838 416 2868 P
433 2839 474 2875 R,
491 2837 599 2868 eodem
613 2843 750 2876 tempore
761 2847 827 2878 quo
846 2837 878 2868 vi
899 2837 994 2867 altera
1015 2846 1062 2867 se·
1103 2846 1173 2877 quae
1186 2843 1232 2867 est
1246 2835 1285 2867 ad
1302 2837 1334 2867 R.
1351 2836 1394 2873 K,
1406 2836 1439 2866 in
1453 2836 1569 2867 ratione
1578 2836 1932 2869 velocitatismmnn·
1988 2841 1990 2843 ’

239 2879 376 2909 cundum
391 2886 505 2911 rectam
517 2880 575 2919 ipsi
590 2881 621 2911 R
633 2879 676 2916 Κ,
688 2880 863 2919 parallelum
875 2878 1061 2918 impellente
1104 2878 1238 2917 corporis
1250 2889 1281 2918 p,
1304 2878 1343 2909 ad
1365 2878 1555 2909 velocitatem
1579 2885 1780 2910 transversam
1797 2879 1932 2918 eoi-poni·

236 2922 385 2959 percurrit
408 2922 543 2961 spatium
568 2922 684 2962 aequale
708 2928 798 2952 rectae
811 2922 845 2952 R
862 2921 904 2958 K,
930 2920 1007 2952 adeo
1027 2926 1064 2950 ut
1104 2920 1229 2951 alterius
1257 2920 1294 2950 P.
1356 2920 1420 2951 His
1442 2920 1548 2960 positis
1573 2922 1773 2952 manifestum
1795 2926 1843 2952 est
1861 2929 1929 2953 om·-

237 2972 274 2992 eo
289 2969 426 3002 tempore
439 2964 554 2994 viribus
568 2964 739 3005 conjunctis
754 2963 901 2994 describat
914 2963 1060 3003 diagona-
1102 2971 1181 3001 pora
1206 2963 1232 2993 P
1253 2968 1284 2993 et
1308 2973 1336 3001 p,
1361 2962 1409 3000 de,
1428 2962 1503 2993 locis
1532 2963 1568 2998 P,
1594 2969 1625 2993 et
1652 2974 1682 3003 p.
1709 2961 1804 2994 simul
1825 2972 1929 3004 egnu-

237 3004 299 3035 lem
329 3005 356 3034 P
384 3005 427 3035 K.
476 3006 646 3046 Fingamus
668 3006 808 3036 similiter
831 3015 941 3044 corpus
965 3015 995 3043 p,
1022 3004 1062 3035 de
1104 3014 1146 3041 sa,
1163 3004 1272 3036 eodem
1286 3005 1431 3044 temporis
1450 3011 1566 3045 puncto
1587 3005 1712 3046 reperiri
1731 3005 1767 3037 in
1783 3004 1868 3037 loeis
1881 3003 1927 3045 K,

238 3046 305 3078 loco
320 3057 340 3086 p
354 3045 397 3077 ita
418 3047 533 3088 projici,
560 3053 596 3079 ut
617 3048 648 3079 vi
672 3047 842 3080 secundum
865 3047 1062 3078 directionem
1102 3052 1134 3078 et
1147 3056 1189 3077 m.
1226 3071 1236 3077 .
