2086 3542
273 249 352 286 194
642 246 725 288 PH
731 247 913 292 ILOSO
921 249 1091 294 PHIAE
1122 253 1478 300 NATURALIS
1601 262 1744 313 [Mo'r.
1760 266 1953 312 Comma.

263 358 510 414 triangulum
544 359 726 403 describe
741 398 749 402 .
764 364 1035 419 trajectoriam
1074 381 1209 410 curvae
1228 369 1274 412 D
1306 371 1346 412 E
1381 373 1417 414 F
1454 374 1625 417 similem
1663 386 1704 419 et
1741 381 1957 436 aequalem..

264 426 319 478 Q.
338 427 422 470 e.f.

857 582 1083 625 LEMMA
1125 585 1320 628 XXVII.

259 701 488 756 Trapezium
509 705 632 757 specie
649 705 780 744 datum
800 706 1021 756 describere,
1062 708 1166 762 czgjus
1202 711 1341 762 anguli
1357 711 1413 751 ad
1430 718 1552 753 rectas
1571 720 1735 767 quatuor
1754 719 1949 770 positione

309 775 436 824 datas,
477 789 562 828 quae
594 789 713 828 neque
731 789 855 816 omnes
875 778 1086 829 parallelae
1123 785 1226 828 sunt,
1256 793 1375 833 neque
1393 783 1448 822 ad
1465 796 1655 826 commune
1664 794 1848 839 punctum
1860 803 1948 830 con-

308 852 480 899 vergunt,
519 846 665 900 singuli
701 847 757 886 ad
791 847 964 900 singulas
983 846 1196 890 consisterit.

318 960 479 1002 Dentur
496 959 694 1014 positione
714 969 835 1001 rectae
867 969 1041 1016 quatuor
1054 963 1094 1003 A
1109 963 1146 1006 B
1162 963 1210 1014 C,
1231 965 1268 1005 A
1286 965 1342 1016 D,
1359 964 1396 1008 B
1412 963 1468 1018 D,
1489 968 1525 1009 C
1538 968 1599 1020 E3
1629 985 1801 1026 quarum
1814 974 1947 1028 prima

250 1039 359 1073 secet
378 1029 597 1072 secundam
616 1029 659 1069 in
680 1030 733 1079 A,
764 1030 925 1071 tertiam
958 1031 1001 1071 in
1042 1031 1092 1081 B,
1125 1041 1164 1073 et
1184 1042 1368 1088 quartam
1398 1036 1441 1076 in
1470 1037 1535 1079 C:
1567 1047 1606 1080 et
1636 1041 1946 1088 describendum

250 1101 302 1142 sit
321 1100 542 1155 trapezium
556 1099 579 1139 f
592 1114 622 1154 g
642 1099 671 1139 h
691 1100 717 1149 i,
759 1100 866 1155 quod
889 1101 941 1143 sit
959 1103 1138 1156 trapezio
1156 1103 1191 1144 F
1212 1105 1255 1146 G
1277 1105 1325 1146 H
1347 1105 1367 1147 I
1388 1107 1517 1149 simile
1537 1125 1548 1159 3
1579 1119 1620 1151 et
1639 1113 1752 1167 cujus
1773 1094 1945 1170 angulus

249 1170 275 1220 f,
307 1169 457 1226 angulo
477 1169 573 1210 dato
590 1169 625 1210 F
645 1169 825 1224 aequalis,
847 1177 988 1226 tangat
1006 1179 1158 1212 rectam
1181 1173 1221 1214 A
1244 1173 1280 1214 B
1302 1174 1337 1215 C
1356 1191 1367 1224 3
1399 1179 1615 1235 caeterique
1635 1182 1774 1238 anguli
1793 1198 1834 1239 g,
1856 1183 1898 1232 h,
1914 1184 1942 1232 ἱ,

243 2517 398 2561 caeteris
419 2517 577 2574 angulis
599 2517 701 2558 datis
724 2517 778 2568 G,
803 2516 864 2568 H,
902 2514 929 2563 Ῑι
943 2518 1131 2574 aequales,
1153 2525 1321 2575 tangant
1342 2525 1506 2558 caeteras
1526 2517 1652 2558 lineas
1681 2517 1714 2557 A
1735 2514 1790 2564 D,
1814 2514 1851 2556 B
1873 2514 1928 2565 D,

245 2591 280 2631 C
305 2591 341 2631 E
361 2588 591 2644 respectivae}⁴
643 2588 847 2645 Jungatur
882 2588 917 2629 F
939 2588 986 2629 H
1021 2596 1062 2629 et
1100 2602 1222 2642 super
1258 2587 1293 2629 F
1314 2587 1368 2638 G,
1403 2587 1438 2629 F
1459 2587 1520 2638 H,
1544 2587 1579 2628 F
1599 2584 1621 2628 I
1650 2586 1937 2628 describantur·

244 2659 413 2701 totidem
448 2659 694 2700 circulorum
728 2666 935 2715 segmenta
956 2657 991 2699 F
1012 2658 1041 2699 S
1063 2656 1118 2707 G,
1153 2657 1188 2698 F
1208 2657 1248 2697 T
1270 2655 1330 2707 H,
1356 2657 1390 2698 F
1413 2657 1451 2698 V
1470 2657 1515 2707 13
1546 2670 1719 2712 quorum
1750 2656 1928 2710 primum

246 2729 281 2771 F
303 2731 331 2771 S
354 2730 396 2771 G
416 2729 548 2784 capiat
568 2728 762 2784 angulum
783 2728 981 2784 aequalem
1001 2727 1151 2784 angulo
1174 2727 1209 2769 B
1227 2729 1267 2769 A
1287 2727 1343 2778 D,
1367 2727 1588 2769 secundum
1611 2727 1646 2768 F
1666 2727 1706 2768 T
1728 2727 1776 2768 H
1796 2727 1929 2781 capiat

244 2799 437 2853 angulum
476 2798 675 2854 aequalem
706 2798 858 2854 angulo
889 2797 925 2838 C
961 2797 996 2838 B
1017 2797 1074 2847 D,
1106 2811 1153 2837 ac
1192 2797 1353 2838 tertium
1387 2797 1421 2838 F
1441 2797 1481 2838 V
1501 2796 1523 2838 1
1562 2796 1695 2851 capiat
1731 2795 1926 2852 angulum

247 2871 441 2926 aequalem
458 2871 608 2927 angulo
630 2871 669 2912 A
692 2871 728 2912 C
750 2871 800 2912 E.
858 2870 1051 2912 Describi
1071 2877 1206 2911 autem
1236 2870 1386 2911 debent
1406 2878 1614 2926 segmenta
1633 2870 1684 2911 ad
1705 2885 1772 2912 eas
1791 2879 1927 2926 partes

243 2940 440 2981 linearum
462 2941 497 2981 F
519 2941 573 2990 G,
598 2940 715 2991 F-H,
740 2940 775 2982 F
795 2939 830 2990 I,
853 2949 898 2980 ut
911 2939 1119 2980 literarum
1142 2939 1176 2980 F
1191 2939 1229 2981 S
1251 2939 1293 2980 G
1315 2939 1350 2980 F
1369 2939 1477 2980 idem
1510 2939 1561 2980 sit
1582 2939 1687 2980 ordo
1721 2939 1927 2981 circularis

246 3012 316 3067 qui
336 3012 542 3053 literarum
580 3013 616 3053 B
639 3013 677 3052 A
697 3011 741 3053 D
764 3012 814 3060 B,
848 3020 969 3067 utque
1007 3011 1135 3052 literae
1175 3009 1210 3051 F
1250 3010 1290 3051 T
1331 3009 1376 3051 H
1415 3010 1449 3051 F
1487 3010 1632 3052 eodem
1651 3011 1797 3053 ordine
1820 3000 1926 3065 ¹cum

247 3081 371 3122 literis
406 3080 441 3121 C
473 3080 509 3121 B
541 3080 583 3121 D
616 3079 665 3130 C,
706 3089 747 3121 et
772 3081 902 3122 literae
933 3080 968 3121 F
999 3079 1034 3120 V
1067 3079 1100 3121 1*
1119 3079 1156 3121 F
1191 3078 1335 3120 eodem
1375 3093 1467 3120 cum
1506 3079 1630 3122 literis
1662 3082 1703 3123 A
1733 3080 1771 3123 C
1810 3072 1847 3122 E
1886 3081 1924 3122 A
