2086 3542
113 251 260 293 met
287 252 505 304 Parmos]
568 250 891 294 PRINCIPIA
922 251 1418 296 MATHEMATICA.

113 375 139 401 a
161 360 191 402 h
211 376 242 403 x
261 377 286 403 a
315 360 592 403 incidentibus
622 361 677 401 ad
706 375 740 410 r,
778 376 818 416 q,
854 376 897 415 p,
929 369 972 402 et

111 434 226 475 inter
250 434 284 475 k
304 442 346 476 et
363 448 398 483 z,
429 433 445 473 i
464 441 506 474 et
523 448 565 489 y,
595 431 626 472 h
646 440 688 474 et
706 447 749 483 X,
780 433 970 474 incurva-

115 506 183 555 tis,
207 506 457 547 delineatum
486 495 560 546 est.
619 504 754 561 Igitur
785 504 840 545 ob
872 519 970 545 ana-

119 575 271 634 logiam
291 592 384 633 quae
405 584 468 618 est
496 577 604 618 inter
626 570 970 633 propagationem

118 649 329 690 radiorum
363 648 466 689 lucis
502 656 544 690 et
576 663 843 705 progressum
878 663 970 689 cor-

115 734 280 775 porum,
314 719 448 761 visum
480 727 541 761 est
569 720 874 775 propositiones
905 735 970 762 se-

117 800 290 848 quentes
310 791 355 832 in
374 806 474 832 usus
504 791 662 846 opticos
693 792 969 848 subjungere3

116 863 275 905 interea
309 862 362 904 de
392 862 539 904 natura
569 863 783 904 radiorum
813 866 968 918 (utrum

117 935 200 976 sint
219 949 396 990 corpora
415 934 562 987 necne)
579 934 684 975 nihil
699 934 870 975 omnino
884 934 970 976 dis-

113 1014 280 1060 putanS,
332 1006 404 1048 sed
453 1005 707 1061 trajectorias
746 1020 970 1061 corporum

110 1076 357 1132 trajectoriis
392 1076 607 1117 radiorum
640 1076 871 1131 persimiles
903 1092 969 1119 so-

110 1149 330 1191 lummodo
350 1148 642 1191 determinans.

351 1344 728 1388 PROPOSITIO
759 1343 948 1387 XCVII.

1733 263 1820 300 419

1502 414 1505 417 ·
1595 406 1623 456 f-
1675 395 1709 456 b
1736 420 1765 454 a

1521 457 1749 504 .·‘'‘'.‘'''...·‘⁰'ae

1050 541 1054 550 .
1481 509 1653 536 ν

1207 647 1212 650 .

1177 711 1203 737 r
1209 649 1444 739 ktsffhae

1042 1080 1068 1111 C
1119 1072 1146 1118 b
1182 1090 1215 1124 a

1011 1343 1355 1387 PROBLEMA
1387 1345 1576 1388 XLVII.

109 1474 247 1517 Posito
266 1475 370 1529 quod
386 1475 493 1516 sinus
511 1474 737 1515 incidentiae
755 1475 799 1514 in
817 1472 1052 1528 superficiem
1072 1475 1247 1528 aliquam
1266 1475 1318 1516 sit
1344 1476 1401 1516 ad
1426 1476 1552 1517 sinum
1580 1478 1823 1531 emergentiae

165 1548 210 1588 in
230 1545 328 1587 datd
347 1546 502 1587 ratione
516 1560 534 1590 ‚⁸
565 1546 739 1600 quodque
758 1546 976 1587 incurvatio
996 1547 1072 1587 vice
1089 1560 1288 1599 corporum
1295 1547 1418 1602 juoeta
1447 1550 1680 1603 supefficiem
1710 1550 1821 1590 illam

145 1620 236 1674 fiat
255 1620 299 1660 in
316 1619 447 1672 spatio
465 1618 700 1668 brevissimo,
721 1619 826 1672 quod
842 1624 887 1658 ut
896 1624 1084 1671 punctum
1113 1620 1357 1661 considerari
1378 1622 1504 1674 possit
1520 1639 1533 1660 .-
1565 1622 1824 1662 determinare

164 1692 413 1746 wperffiiem,
434 1704 523 1744 quae
543 1691 768 1743 corpuscula
788 1691 919 1730 omnia
939 1691 988 1731 de
1005 1690 1089 1732 loco
1107 1692 1202 1732 dato
1219 1691 1422 1734 successive>
1439 1693 1646 1734 manantia
1666 1707 1822 1734 conver-

159 1776 255 1817 gere
256 1763 399 1818 faciat
416 1763 474 1802 ad
490 1757 613 1802 alium
631 1762 752 1824 locum
771 1761 926 1802 datum..

133 1927 137 1931 .
167 1889 231 1932 Sit
258 1889 299 1930 A
328 1888 443 1930 locus
472 1903 498 1929 a
527 1902 611 1944 quo

106 1960 350 2016 corpuscula
362 1959 582 2015 divergunt
592 1974 605 2008 3

108 2033 147 2075 B
166 2033 281 2074 locus
300 2031 344 2072 in
364 2045 487 2086 quem
507 2044 606 2071 con-

105 2117 276 2160 vergere
289 2101 458 2150 debent3
482 2099 607 2143 CDE

105 2189 232 2216 curva
249 2174 359 2216 linea
384 2188 478 2230 quae
498 2173 606 2214 circa

105 2259 226 2286 axem
266 2244 305 2285 A
343 2243 381 2285 B
419 2243 606 2285 revoluta

104 2316 310 2359 describat
343 2314 606 2370 superficiem

105 2388 348 2446 quaesitam3
380 2387 439 2437 D,
463 2386 502 2427 E
522 2400 659 2444 curvae
679 2385 790 2427 illius
808 2392 965 2441 puncta

102 2461 242 2503 dicula
276 2459 320 2500 in
354 2454 541 2513 corporis
575 2458 662 2500 vias
695 2459 736 2499 A
757 2458 816 2508 D,
849 2459 893 2500 D
916 2458 954 2500 B

671 2267 722 2310 A

1068 2273 1257 2319 cVNM

990 2384 1076 2427 duo
1104 2386 1260 2442 quaevis
1274 2402 1287 2436 ς
1317 2393 1359 2428 et
1380 2387 1419 2429 E
1440 2387 1488 2438 F,
1513 2387 1552 2429 E
1574 2387 1618 2430 G
1645 2402 1823 2446 perpen-

989 2458 1178 2500 demissa.
1237 2459 1424 2501 Accedat
1454 2469 1656 2515 punctum
1692 2461 1738 2504 D
1770 2462 1824 2503 ad

103 2539 307 2588 punctum
327 2529 392 2579 E3
423 2537 466 2571 et
483 2529 605 2571 lineae
624 2529 669 2571 D
693 2528 741 2580 F,
764 2527 845 2584 qua
868 2529 908 2570 A
929 2528 973 2570 D
994 2536 1182 2586 augetur,
1205 2529 1258 2571 ad
1278 2529 1428 2571 lineam
1438 2530 1498 2572 =D
1523 2531 1580 2581 G,
1612 2530 1694 2587 quia
1716 2531 1761 2573 D
1784 2532 1824 2574 B

103 2670 167 2694 tam
180 2660 417 2712 philosophandi
431 2660 592 2697 ration-an,
618 2659 652 2690 in
672 2665 792 2690 naturae
813 2659 940 2698 phaeno-

104 2715 198 2736 menn
212 2705 346 2744 primum
363 2705 512 2735 dehemus
532 2703 698 2743 diligenter
718 2701 882 2742 inquirere,
904 2707 942 2732 ut

105 2747 210 2788 postea
223 2753 327 2777 motus
341 2756 504 2786 corporum
519 2754 689 2784 eorumque
708 2744 793 2785 leges
814 2750 846 2774 et
867 2754 940 2774 cau-

104 2801 154 2820 sas
167 2789 338 2819 accuratius
347 2789 530 2829 investignre
541 2794 572 2818 et
580 2797 765 2828 cognoscere
776 2786 937 2825 possimus.

109 2834 267 2863 Caeterum
281 2831 314 2860 in
329 2832 534 2869 phaenomena
547 2829 720 2860 reflexionis
734 2839 770 2859 ac
783 2828 941 2859 refractio-

105 2875 155 2904 nis
168 2873 246 2903 lucis
259 2883 427 2912 eorumque
435 2883 543 2903 causas
551 2871 756 2912 inquisierunt
766 2871 940 2910 philosophi

105 2927 142 2947 oc
165 2914 374 2945 mathematici
397 2915 594 2950 celeberrimi,
620 2914 776 2945 ennesius
798 2923 867 2952 cap.
891 2912 939 2943 20.

105 2958 270 2996 diopwices
293 2967 349 2995 per
371 2957 456 2997 leges
481 2957 639 2997 generales
660 2955 941 3006 resolutionemque

105 3006 263 3036 monium,
279 3007 312 3030 et
324 2999 527 3038 supponendo
547 2999 659 3029 lumini
679 2998 832 3029 minorem
852 2998 942 3027 resis-

105 3042 235 3075 tentiam
250 3042 284 3073 in
305 3041 498 3073 densioribus
521 3051 615 3083 quam
636 3040 670 3071 in
690 3041 857 3072 rarioribus
877 3050 942 3070 me-

982 2659 1041 2689 diis
1049 2659 1159 2700 objici;
1177 2659 1370 2691 Leibnitzins
1379 2660 1411 2691 in
1424 2660 1513 2691 Actis
1524 2661 1728 2691 Emditorum
1745 2661 1824 2702 Lip-

983 2702 1136 2732 siensibus
1161 2712 1211 2732 an.
1237 2706 1327 2733 1682.
1346 2713 1418 2744 pag.
1440 2706 1509 2734 185.
1538 2703 1599 2734 hac
1623 2703 1704 2734 facti
1723 2705 1822 2744 hypo-

984 2744 1073 2781 thesi,
1090 2744 1174 2784 quod
1186 2744 1294 2775 lumen
1309 2755 1328 2775 a
1341 2752 1458 2784 puncto
1469 2746 1607 2776 radiante
1618 2746 1656 2776 ad
1668 2753 1821 2785 punctum

983 2786 1204 2816 illustrandum
1233 2786 1284 2817 via
1314 2787 1454 2817 omnium
1483 2787 1631 2819 facillimi
1653 2789 1819 2828 perveniat,

983 2825 1045 2868 quii
1060 2829 1153 2859 etiam
1178 2839 1254 2859 usus
1279 2835 1345 2859 erat
1368 2829 1459 2860 antea
1486 2830 1681 2868 Permatius3
1705 2831 1821 2872 Huge-

983 2871 1054 2901 nius
1070 2871 1101 2901 in
1116 2877 1246 2901 tractatu
1261 2871 1300 2902 de
1315 2871 1434 2902 lumine
1448 2882 1503 2911 per
1523 2878 1666 2903 naturam
1687 2874 1822 2904 undula.-

986 2913 1080 2943 tionis
1104 2913 1230 2943 luminis
1253 2923 1319 2943 rem
1346 2920 1441 2944 totam
1465 2925 1524 2954 exp
1525 2914 1606 2951 licat,
1631 2921 1662 2945 et
1683 2915 1822 2947 Jonnnes

987 2955 1210 2986 Bernoullius'
1201 2965 1233 2985 m
1251 2956 1340 2986 Actis
1356 2955 1442 2995 Lips-
1461 2967 1510 2987 an.
1532 2960 1623 2988 1701.
1649 2967 1686 2987 ex
1701 2958 1820 2998 aequili

985 2997 1043 3028 brii
1057 2997 1261 3029 fundamento
1275 3008 1344 3029 eam
1359 2998 1603 3040 ingeniosissime
1617 2999 1756 3034 deduxit,

901 3092 1008 3127 Dd2
