2086 3542
195 243 347 286 Lzons
368 243 565 296 Morus]
638 243 959 288 PRINCIPIA
990 244 1483 294 MATHEMATICA.
1841 265 1890 301 41

189 367 254 402 ter
271 360 316 401 in
335 357 548 410 directum,
568 357 825 415 proindeque
843 374 1021 416 corpora
1037 362 1252 418 aequaliter
1269 365 1478 421 urgebunt
1489 366 1758 424 obstaculum,
1775 383 1817 417 et
1830 376 1894 418 id..

187 432 298 473 circo
316 428 530 487 aequaliter
547 429 765 472 trahentur
783 431 828 472 in
846 431 1037 474 invicem.
1069 435 1120 489 (⁸)
1142 434 1320 477 Tentavi
1338 436 1420 478 hoc
1438 437 1482 479 in
1495 448 1688 497 magnete
1708 453 1750 485 et
1767 446 1890 490 fen-0,

185 504 231 546 Si
250 503 341 547 haec
358 503 403 545 in
432 503 608 545 vasculis
636 503 816 559 propriis
848 519 938 547 sese
967 506 1300 563 contingentibus
1330 510 1501 552 seorsim
1528 513 1676 567 posita,
1706 516 1751 557 in
1785 521 1890 574 aquai

182 583 396 639 stagnante
409 577 532 633 juxta
559 577 722 620 fluitent
734 593 747 627 3
780 574 973 620 neutrum
1004 579 1210 636 propellet
1238 581 1428 633 alterum,
1450 583 1537 639 [sed
1566 588 1799 643 aequalitate
1828 601 1890 633 at-

179 647 389 692 tractionis
409 648 604 704 utrinque
624 648 885 691 sustinebunt
904 640 1075 692 conatus
1094 651 1139 693 in
1159 667 1202 694 se
1220 660 1401 706 mutuos,
1422 669 1472 697 ac
1500 657 1669 700 tandem
1698 660 1742 702 in
1762 663 1890 719 aequi—

178 717 300 760 librio
320 719 543 760 constituta
562 719 786 774 quiescent.

236 788 306 831 Sic
325 789 448 830 etiam
467 789 647 846 gravitas
667 790 777 831 inter
795 797 948 832 terram
969 799 1010 833 et
1029 793 1116 848 ejus
1136 801 1274 848 partes
1293 802 1437 838 mutua
1456 805 1530 839 est.
1589 799 1761 843 Secetur
1779 810 1889 846 terra

178 857 214 901 F
233 859 256 901 Ι
274 858 402 914 plano
422 860 565 916 quovis
588 860 626 901 E
649 861 693 902 G
711 861 754 901 in
774 869 913 916 partes
934 861 1036 904 duas
1059 862 1097 904 Ε
1119 863 1163 905 G
1185 864 1222 905 F
1240 878 1282 906 et
1303 865 1341 907 E
1363 867 1407 909 G
1427 867 1476 909 I:
1509 876 1551 910 et
1569 870 1744 926 aequalia
1766 883 1889 916 erunt

173 929 323 974 harum
341 933 530 989 pondera
548 934 592 974 in
609 949 652 975 se
666 942 825 975 mutuo,
876 933 986 977 Nam
1003 935 1038 976 si
1051 935 1142 990 pla·
1297 961 1340 1009 E

173 1017 231 1044 no
250 1003 333 1044 alio
354 1004 404 1046 H
426 1004 469 1046 K
490 1004 601 1061 quod
619 1005 750 1060 priori
770 1005 808 1046 E
831 1005 873 1047 G
896 1006 1141 1061 parallelum

173 1075 238 1126 sit,
260 1090 357 1131 pars
384 1077 517 1131 major
548 1076 587 1119 E
608 1077 652 1119 G
672 1077 694 1118 I
729 1085 891 1119 secetur
923 1077 967 1119 in
1001 1088 1139 1134 partes

171 1144 276 1187 duas
298 1146 338 1188 E
359 1146 403 1189 G
425 1146 468 1188 K
489 1147 539 1189 H
560 1148 774 1199 etHKI,
798 1150 1138 1205 quarumHKI

170 1217 339 1274 aequalis
369 1218 421 1260 sit
448 1219 557 1274 parti
584 1220 699 1274 prius
728 1220 918 1262 abscissae
948 1222 987 1264 E
1010 1222 1045 1263 F
1066 1222 1135 1265 G:
1180 1228 1218 1274 F

167 1287 430 1330 manifestum
445 1296 508 1330 est
519 1289 631 1346 quod
645 1305 741 1344 pars
756 1291 894 1332 media
909 1290 948 1331 E
965 1291 1006 1332 G
1024 1291 1068 1334 K
1085 1293 1136 1335 H

166 1361 354 1416 pondere
372 1361 544 1417 proprio
564 1363 608 1403 in
634 1371 823 1404 neutram
850 1363 1031 1418 partium
1061 1379 1134 1406 ex-

167 1439 391 1473 tremarum
404 1432 693 1486 propendebit‚
709 1432 782 1474 sed
794 1432 902 1474 inter
916 1441 1133 1491 utramque

164 1499 210 1541 in
229 1499 474 1555 aequilibriO,
496 1508 542 1541 ut
571 1501 629 1541 ita
657 1500 805 1551 dicam,
842 1501 1129 1556 suspendetur,
1293 1476 1338 1521 G'

165 1578 206 1612 et
226 1570 419 1626 quiescet.
483 1570 586 1612 Pars
601 1578 740 1612 autem
760 1579 946 1612 extrema
966 1571 1016 1613 H
1039 1571 1082 1613 K
1103 1572 1126 1614 I
1155 1579 1244 1614 toto
1274 1586 1350 1614 suo
1379 1572 1566 1629 pondere
1597 1574 1809 1617 incumbet
1836 1575 1881 1616 in

162 1651 323 1699 partem
340 1643 535 1695 mediam,
559 1651 602 1685 et
620 1644 786 1701 urgebit
814 1644 928 1686 illam
957 1645 1001 1685 in
1030 1653 1192 1700 partem
1221 1645 1394 1687 alteram
1428 1653 1658 1688 extremam
1691 1646 1730 1687 E
1751 1646 1796 1689 G
1817 1646 1880 1696 F;

162 1716 339 1772 ideoque
357 1716 419 1758 vis
440 1716 521 1772 qua
542 1716 722 1770 partium
746 1716 795 1758 H
818 1717 860 1758 K
882 1717 904 1758 I
925 1725 966 1759 et
988 1717 1026 1759 E
1044 1718 1087 1760 G
1104 1717 1147 1759 K
1164 1717 1214 1759 H
1234 1733 1397 1759 summa
1418 1718 1457 1760 E
1477 1718 1519 1760 G
1541 1717 1564 1759 I
1584 1718 1718 1761 tendit
1734 1733 1880 1761 versus

160 1797 321 1844 partem
340 1789 506 1831 tertiam
527 1789 566 1831 E
587 1789 631 1830 G
654 1789 703 1839 F,
725 1789 897 1845 aequalis
918 1798 981 1831 est
998 1789 1176 1845 ponderi
1194 1791 1323 1845 partis
1346 1790 1395 1831 H
1417 1789 1460 1832 K
1482 1791 1517 1841 Ι,
1548 1789 1592 1831 id
1623 1799 1685 1832 est
1702 1790 1879 1846 ponderi

159 1849 288 1916 partis
309 1861 441 1902 tertiae
458 1860 497 1902 E
513 1860 556 1903 G
571 1860 620 1902 F.
663 1860 721 1902 Et
735 1868 956 1915 propterea
970 1860 1157 1916 pondera
1171 1862 1352 1918 partium
1367 1862 1544 1903 duarum
1560 1862 1599 1904 E
1613 1863 1656 1905 G
1672 1863 1706 1913 1,
1726 1863 1764 1904 E
1781 1863 1825 1905 G
1842 1863 1879 1905 F

160 1933 204 1974 in
224 1947 268 1975 se
286 1940 432 1975 mutuo
452 1939 548 1973 sunt
566 1931 756 1987 aequalia,
778 1932 839 1972 uti
858 1932 972 1973 volui
991 1925 1223 1975 ostendere.
1273 1922 1340 1975 Et'
1348 1933 1427 1974 nisi
1442 1933 1629 1988 pondera
1648 1933 1719 1975 illa
1737 1948 1878 1991 aequa·

144 2003 216 2044 ‚lia
234 2010 382 2053 essent,
403 2009 515 2044 terra
533 2009 621 2043 tota
640 2001 684 2042 in
714 2001 847 2043 libero
876 2001 1032 2044 aethere
1060 2003 1225 2044 fluitans
1254 2003 1432 2059 ponderi
1460 2004 1606 2059 majori
1635 2003 1814 2055 cederet,
1836 2013 1878 2046 et

160 2075 213 2117 ab
233 2090 283 2117 eo
301 2074 500 2131 fugiendo
519 2074 652 2116 abiret
670 2074 715 2115 in
734 2074 955 2116 infinitum.

219 2147 282 2189 Ut
301 2161 477 2202 corpora
494 2148 539 2189 in
559 2160 764 2189 concursu
794 2155 836 2189 et
866 2146 1094 2189 reflexione
1124 2147 1233 2189 idem
1265 2147 1441 2203 pollent,
1476 2162 1652 2204 quorum
1684 2148 1876 2191 velocita-

159 2273 328 2307 velocitatis
341 2273 517 2314 respectivae
531 2273 670 2305 defectus
683 2279 748 2304 erat
769 2273 804 2304 in
816 2274 919 2312 primo
930 2275 997 2314 pari

160 2316 398 2349 1:11.in20.
423 2316 490 2356 pari
514 2320 549 2347 1:
578 2320 628 2347 16.
650 2316 684 2345 in
709 2315 759 2346 50.
782 2316 905 2354 paril=
930 2320 995 2355 31;

157 2360 205 2391 illi
226 2365 332 2390 autem
353 2359 492 2389 defectus
516 2364 589 2389 sunt
610 2357 675 2389 fere
699 2358 856 2388 diametris
870 2362 899 2395 3,
915 2362 946 2395 2,
964 2362 992 2388 1.

158 2401 408 2442 proportionales.
468 2400 568 2431 Aliud
591 2400 838 2439 experimentum
867 2400 998 2430 tentavit

162 2445 316 2476 Rizzetus.
365 2443 522 2475 Chordam
536 2443 694 2483 celybeam
714 2442 792 2472 duos
813 2442 906 2481 pedes
927 2442 997 2472 lon-

158 2497 233 2528 gam
245 2485 474 2517 horizontaliter
486 2485 617 2525 positam
628 2485 719 2516 variis
728 2484 830 2515 modis
839 2485 996 2522 tendebat,

159 2529 259 2560 donec
280 2527 404 2559 tandem
429 2527 573 2567 repererit
598 2533 659 2558 tres
685 2526 808 2558 chordae
829 2527 994 2564 tensiones,

159 2571 230 2612 quae
249 2570 404 2601 efficerent
424 2576 460 2601 ut
481 2576 620 2610 tempora
639 2570 752 2610 quibus
772 2569 887 2600 chorda
908 2569 998 2609 pulsa

158 2623 224 2644 sese
244 2613 431 2649 restituebat,
453 2613 555 2643 forent
575 2619 612 2643 ut
635 2617 663 2643 8.
676 2617 708 2642 2.
729 2616 757 2643 1.
800 2612 866 2642 Eas
885 2618 993 2643 autem

157 2655 312 2686 tensiones
325 2666 359 2685 se
373 2662 547 2685 assecutum
562 2665 628 2685 esse
649 2664 687 2686 ex
710 2654 842 2695 graviori
855 2654 905 2684 vel
919 2664 993 2685 acu-

158 2697 229 2729 tiori
250 2697 435 2728 chordarum
460 2707 537 2728 sono
560 2696 773 2738 intelligebam
807 2696 841 2726 in
863 2696 996 2738 singulis

158 2739 348 2771 tensiom'bus
358 2739 485 2779 globum
495 2741 667 2770 eburneum
676 2739 766 2780 cujus
774 2738 921 2770 diameter
931 2745 997 2769 erat

159 2782 292 2813 duarum
301 2782 474 2818 unciarum,
486 2781 541 2811 filo
552 2781 658 2813 decem
669 2781 764 2821 pedes
773 2781 870 2822 longo
880 2791 996 2820 appen-

159 2834 231 2855 sum
244 2830 276 2854 et
288 2823 321 2854 in
335 2823 439 2854 medio
452 2824 601 2863 tantisper
614 2824 845 2864 complanatum
859 2823 893 2853 in
908 2824 997 2853 chor-

159 2865 232 2896 dam
246 2865 434 2903 demittebat,
450 2872 481 2897 et
495 2866 630 2897 dement
644 2866 723 2897 aeris
742 2865 922 2902 resistentia,
944 2875 997 2895 ve-

158 2907 314 2938 locitatem
445 2909 526 2939 ’vam
540 2907 612 2939 ante
626 2914 657 2939 et
667 2915 737 2948 post
750 2908 847 2938 ictum
858 2908 992 2939 notabat.

163 2949 343 2980 observavit
356 2957 461 2981 autem
474 2950 667 2982 velocitatem
682 2949 752 2981 ante
766 2951 863 2981 ictum
878 2960 943 2980 esse
956 2949 997 2980 ad

160 2991 354 3022 velocitatem
367 2999 436 3031 post
448 2993 557 3029 ictum,
572 2998 609 3023 ut
626 2996 672 3027 11,
689 2993 728 3023 ad
747 2996 795 3030 lo,
818 2993 852 3022 in
870 2991 912 3023 1³·
930 2998 999 3022 ten-

160 3033 258 3072 sIone,
274 3043 348 3065 cum
362 3034 476 3066 chorda
488 3035 579 3074 pulsa
587 3035 798 3066 restitueretur
808 3040 946 3074 tempore
955 3038 977 3064 5
986 3045 998 3071 ς

158 3082 197 3108 ut
214 3075 470 3108 leadwinet
488 3077 638 3115 tensione,
661 3076 997 3108 cumchordnrestitu-

1039 2281 1142 2306 eretur
1154 2281 1293 2316 tempore
1307 2281 1349 2314 2;
1372 2277 1497 2308 tandem
1519 2283 1556 2308 ut
1578 2281 1628 2313 31,
1652 2277 1692 2308 ad
1705 2281 1757 2315 30,
1781 2278 1814 2308 in
1830 2277 1875 2309 8²·

1039 2317 1187 2353 tensione,
1213 2328 1285 2348 cum
1311 2319 1426 2349 chorda
1447 2319 1656 2349 restitueretur
1679 2326 1818 2358 tempore
1834 2325 1874 2359 1;

1038 2359 1124 2389 unde
1138 2360 1295 2390 concludit
1307 2361 1447 2390 defectus
1461 2361 1601 2401 singulos
1618 2361 1787 2392 velocitatis
1806 2369 1877 2400 post

1038 2401 1146 2436 ictum,
1163 2402 1351 2440 temporibus
1365 2403 1594 2433 restitutionum
1617 2413 1683 2433 esse
1704 2405 1875 2443 proportio-

1039 2442 1134 2473 nales.
1161 2443 1312 2474 Manente
1326 2444 1423 2483 igitur
1437 2454 1600 2483 corporum
1610 2445 1874 2485 homogeneorum

1039 2483 1255 2525 magnitudine
1269 2492 1301 2516 et
1315 2485 1423 2526 figura,
1446 2492 1588 2516 constans
1608 2488 1784 2517 observatur
1795 2489 1875 2520 ratio

1038 2527 1206 2557 velocitatis
1219 2528 1395 2566 respectivae
1413 2535 1483 2567 post
1502 2528 1598 2558 ictum
1621 2528 1661 2558 ad
1681 2529 1874 2561 velocitatem

1039 2569 1238 2609 respectivam
1258 2576 1330 2601 ante
1343 2570 1460 2608 ictum;
1484 2570 1537 2600 sed
1552 2570 1670 2601 mutata
1683 2572 1874 2612 magnitudi-

1035 2621 1085 2649 ne,
1101 2611 1309 2651 experimenta
1326 2612 1443 2643 Rizzeti
1458 2612 1625 2643 ostendunt
1639 2612 1777 2643 defectus
1790 2615 1874 2645 velo-

1036 2654 1136 2685 citatis
1154 2654 1329 2693 respectivae
1343 2661 1413 2693 post
1426 2655 1522 2685 ictum
1544 2656 1578 2684 in
1604 2655 1704 2695 globis
1725 2656 1873 2698 homoge-

1038 2696 1183 2727 neisesse
1197 2697 1231 2726 in
1245 2696 1363 2727 ratione
1388 2690 1618 2734 diametrorum,
1645 2703 1700 2728 aut
1723 2698 1816 2728 etiam
1840 2699 1874 2729 in

1038 2738 1158 2770 ratione
1171 2745 1348 2779 temporum
1362 2739 1476 2780 quibus
1496 2739 1580 2780 globi
1602 2740 1767 2779 compressi
1786 2741 1874 2772 τεεί-

1038 2787 1180 2812 munstur.

1082 2823 1130 2864 (⁸)
1153 2828 1204 2855 99.
1232 2823 1265 2854 8ἰ
1279 2833 1407 2863 magnes
1420 2823 1538 2854 suberis
1550 2822 1659 2860 frusto,
1675 2823 1874 2866 similiterque

1038 2866 1156 2896 ferrum
1171 2865 1233 2896 alio
1254 2866 1370 2896 suberis
1394 2866 1495 2896 frusto
1518 2865 1725 2904 imponantur,
1752 2874 1789 2898 ut
1809 2874 1872 2898 tam

1038 2917 1167 2948 magnes
1187 2918 1280 2948 quam
1302 2908 1418 2938 ferrum
1444 2907 1477 2937 in
1498 2907 1579 2949 aqud
1601 2907 1696 2940 libere
1720 2915 1871 2950 stagnant,

1040 2949 1151 2989 aequali
1165 2949 1268 2980 motus
1282 2950 1451 2990 quantitate
1461 2949 1517 2980 sibi
1533 2956 1644 2981 mutuo
1654 2951 1774 2982 obviam
1786 2958 1870 2988 eunt,

1040 2991 1085 3022 ita
1098 2997 1135 3022 ut
1147 3002 1255 3022 eorum
1272 2991 1440 3022 celeritates
1453 2992 1515 3023 sint
1527 2991 1561 3022 in
1571 2993 1690 3024 ratione
1700 2994 1873 3033 ponderum

1041 3033 1195 3074 reciproca
1203 3045 1214 3071 ;
1237 3033 1314 3064 dum
1328 3032 1400 3064 vero
1414 3033 1455 3064 ad
1468 3040 1643 3066 contactum
1657 3043 1872 3075 pervenerunt.

1040 3075 1073 3106 in
1088 3075 1259 3117 aequilibrio
1273 3076 1454 3108 consistunt.
1496 3077 1600 3114 Quare
1611 3079 1669 3109 boc
1681 3078 1872 3119 experimen-
