2086 3542
284 264 368 302 430

327 378 533 419 inaequabiles,
559 377 592 408 in
616 387 777 419 progressu
801 377 873 408 vero
897 388 950 417 per
971 378 1029 408 cir-

329 423 448 453 cuitum
464 421 503 451 ad
518 421 620 451 datam
630 430 754 450 omnem
765 430 784 450 a
799 427 902 451 centro
917 421 1032 451 distan-

329 465 406 495 tihm
417 465 478 494 sint
489 463 624 503 undique
635 462 801 500 similares;
817 469 848 493 et
860 460 908 492 'v's
921 469 1031 494 attrac-

329 507 392 537 tIva
412 506 521 545 puncti
543 506 692 545 cujusque
707 506 746 535 sit
760 511 795 535 ut
809 504 855 535 dis
895 506 950 535 itta
961 514 1031 535 cor-

330 548 412 589 poris
433 548 552 578 attracti
565 559 572 578 :
605 547 673 578 dico
701 546 796 587 quod*
809 547 853 576 vis
881 553 945 577 tota
972 545 1034 587 qua

329 589 508 631 hujusmodi
520 590 645 629 sphaerae
654 589 726 619 duae
736 599 768 619 se
777 587 888 619 mutuo
897 589 1031 625 trahunt,

331 633 371 664 sit
395 631 628 672 proportionalis
649 631 802 661 distantiae
827 631 906 660 inter
930 637 1034 661 centra

330 677 526 715 sphaerarum.
528 695 677 706 ...........
679 693 682 695 Δ
683 693 1030 704 .........................

319 743 458 775 PROP.
472 743 644 774 LXXIX.
661 742 840 773 THEOR.
854 714 1021 772 XXXIX.

291 800 325 832 Si
336 799 510 839 superficies
524 799 563 830 ad
578 798 771 829 latitudinem
797 797 916 828 infinite
941 796 1034 827 dimi-

331 846 442 873 nutam'
450 843 578 883 jamjam
595 850 776 871 evanescens
793 840 821 870 E
842 840 868 870 F
881 840 899 869 f
909 850 937 878 e,
961 849 1034 869 con-

332 885 494 915 volutione·
509 884 558 913 sui
580 884 660 913 circa
681 892 769 912 axem
786 883 812 912 P
832 883 863 919 S,
886 882 1035 912 describat

331 927 464 956 solidum
493 926 677 965 sphaericum
702 933 1034 960 concavo-convexum,

331 969 372 999 ad
386 969 474 1008 cujus
489 968 652 1007 particulas
667 967 803 1007 singulas
818 966 950 1006 aequales
968 972 1035 996 ten-

332 1011 408 1041 dant
422 1010 554 1049 aequales
568 1010 646 1039 vires
660 1010 852 1048 centripetae:
872 1008 940 1040 dico
951 1007 1036 1048 quod

330 1053 386 1088 vis,
416 1051 479 1092 qua.
503 1051 636 1081 solidum
658 1050 737 1081 illud
758 1051 850 1081 trahit
871 1060 1036 1090 corpuscu-

331 1095 400 1125 lum
414 1095 507 1125 situm
523 1094 556 1123 in
573 1094 608 1129 P,
632 1100 678 1123 cst
693 1094 724 1122 'n
738 1093 855 1123 ratione
870 1091 1038 1131 composita

332 1147 370 1167 ex
384 1137 501 1167 ratione
515 1136 604 1166 solidi
622 1136 654 1166 D
667 1136 695 1165 E
710 1146 729 1176 q
747 1139 780 1172 ><
802 1135 828 1165 F
842 1135 864 1170 f,
880 1143 911 1165 et
920 1135 1037 1165 ratione

1050 353 1101 378 Pag.

1054 674 1117 702 568

332 1180 378 1209 vis
392 1178 454 1219 qua
468 1178 616 1217 particula
630 1178 701 1208 data
714 1180 748 1207 in
757 1179 825 1208 loco
843 1177 869 1208 F
879 1177 897 1207 f
907 1179 1039 1208 traheret
1088 1181 1090 1183 ’

332 1221 416 1252 idem
430 1220 648 1260 corpusculum
649 1240 1034 1252 ............................

377 1290 514 1322 PROP.
529 1290 680 1320 LXXX.
708 1288 889 1320 THEOR.
906 1288 981 1319 XL.

294 1347 328 1381 si
352 1347 392 1378 ad
417 1348 543 1386 sphaerae
557 1346 688 1387 alicujus
715 1347 745 1376 A
764 1346 792 1376 B
817 1346 859 1383 E,
885 1352 990 1376 centro
1015 1345 1037 1376 S

333 1390 500 1429 descriptae,
511 1389 674 1428 particulas
685 1388 821 1427 singulas
831 1389 961 1428 aequales
970 1393 1038 1417 ten-

334 1432 409 1462 dant
423 1432 554 1471 aequalcs
565 1431 641 1460 vires
652 1431 844 1469 centripetae;
862 1437 892 1460 et
906 1430 945 1460 ad
960 1440 1038 1469 spae-

333 1485 377 1504 rae
389 1484 476 1504 axem
492 1474 566 1510 AB,
574 1474 607 1502 in
616 1483 678 1513 quo
687 1473 903 1512 corpusculum
915 1472 1039 1512 aliquod

337 1518 366 1547 Β
379 1517 505 1552 locatur,
519 1515 674 1556 erigantur
685 1515 723 1545 de
732 1516 851 1554 punctis
863 1515 992 1554 singulis
1006 1515 1038 1545 D

334 1558 552 1599 perpendicula
572 1559 602 1587 D
621 1558 649 1587 E
666 1559 791 1596 sphaerae
812 1557 986 1587 occurentia
1007 1557 1040 1586 in

337 1601 378 1637 Ε,
395 1601 470 1631 etin
485 1601 557 1640 ipsis
569 1600 727 1639 capiantur
736 1599 943 1640 longitudines
956 1600 985 1627 l)
996 1599 1038 1636 N,

336 1678 407 1710 quae
432 1668 493 1698 sint
515 1673 550 1698 ut
565 1668 718 1708 quantitas
741 1641 996 1723 1333ἓέἑὲ
1009 1672 1041 1697 et

285 1735 289 1741 ’
335 1736 391 1773 vis,
407 1746 500 1776 quam
516 1736 641 1775 sphaerae
657 1735 805 1774 particula
819 1735 875 1765 sita
890 1735 922 1764 in
934 1745 989 1765 axe
1000 1733 1040 1765 ad

337 1779 513 1808 distantiam
531 1779 558 1809 P
575 1779 604 1808 E
628 1784 747 1808 exercet
768 1778 800 1807 in
822 1777 1040 1816 corpusculum

339 1821 368 1851 P
383 1821 512 1851 trahitur
532 1830 635 1850 versus
659 1821 816 1859 sphaeram,
842 1826 888 1849 est
912 1825 947 1848 ut
971 1829 1042 1849 area

341 1863 439 1892 ANB
455 1864 673 1902 comprehensa
683 1864 740 1892 sub
751 1872 807 1891 axe
818 1862 944 1900 sphaerae
957 1863 987 1890 A
999 1861 1038 1896 B,

338 1911 369 1935 et
383 1904 465 1934 linea
479 1904 572 1934 curva.
590 1908 616 1933 A
632 1905 664 1934 N
682 1905 721 1939 B,
737 1913 830 1942 quam
845 1908 995 1940 punctum
1009 1901 1041 1931 N

338 1945 484 1986 perpetuo
498 1946 597 1987 tangit
600 1964 1038 1976 ................................

369 2018 508 2048 PROP.
529 2016 698 2047 LXXXI.
725 2014 895 2045 PROBL.
913 2014 1012 2044 XLI.

301 2075 468 2147 Stantibuii3
477 2074 542 2114 jam
564 2072 678 2112 positis,
704 2070 886 2101 mesuranda
907 2076 953 2102 est
973 2080 1043 2101 area

343 2119 373 2147 A
391 2118 421 2148 N
471 2132 1039 2147 .........................................

343 2173 492 2218 PROP.·
505 2184 695 2215 Lxxxu.
732 2181 912 2213 THEOR.
931 2182 1027 2212 XLI.

300 2245 341 2275 In
356 2241 473 2282 sphaera
487 2247 591 2271 centro
609 2241 637 2275 S,
655 2239 812 2270 intervallo
830 2240 850 2269 S
865 2239 894 2268 A
911 2238 1043 2277 descrip-

342 2292 383 2321 ta,
399 2285 425 2314 si
439 2284 599 2322 capiantur
616 2285 636 2313 S
654 2283 681 2318 1,
701 2283 722 2312 S
739 2284 778 2317 A,
799 2282 820 2311 S
837 2281 874 2316 Ρ,
899 2280 1044 2311 continue

315 2336 317 2338 “
342 2326 597 2367 proportionales:
613 2326 681 2356 dico
689 2324 772 2365 quod
781 2323 951 2363 corpusculi
964 2325 1043 2353 intra

346 2371 504 2409 sphaeram‚
528 2368 561 2398 in
582 2368 650 2398 loco
671 2367 777 2407 quovis
793 2367 820 2401 I,
845 2366 983 2395 attractio
997 2370 1043 2395 est

343 2412 382 2442 ad
397 2411 605 2442 attractionem
620 2410 715 2448 ipsius
730 2416 815 2438 extra
829 2409 987 2446 sphaeram,
1011 2407 1044 2436 in

343 2455 412 2484 loco
429 2454 466 2490 P,
482 2454 514 2482 in
529 2454 645 2483 ratione
655 2450 822 2490 composita
833 2461 868 2480 ex
885 2449 1044 2488 subdupli-

344 2495 413 2526 catti.
437 2496 552 2526 ratione
574 2494 785 2526 distantiarum
806 2504 824 2523 a
845 2500 948 2522 centro
975 2493 990 2521 l
1011 2492 1042 2528 S,

348 2540 376 2569 P
391 2540 420 2574 S,
445 2544 475 2568 et
489 2537 700 2576 subduplicata
715 2537 832 2566 ratione
846 2535 958 2564 virium
973 2544 1043 2564 cen-

345 2581 535 2620 tripetarum‚
562 2580 594 2608 in
612 2579 684 2609 locis
698 2578 758 2608 illis
783 2578 811 2608 P
832 2583 862 2607 et
875 2577 903 2613 1,
919 2576 958 2606 ad
973 2587 1045 2606 cen-

344 2631 427 2654 trum
441 2622 633 2652 tendentium
640 2639 1041 2652 .............................

347 2693 483 2724 PROP.
501 2691 710 2723 LXXXIII.
737 2690 907 2721 PROBL.
925 2688 1041 2718 XLII.

306 2749 449 2780 Invenire
473 2749 535 2779 vim
560 2746 622 2789 qua
647 2746 864 2786 corpusculum
888 2745 921 2775 in
942 2751 1047 2775 centro

347 2793 472 2831 sphaerae
507 2791 641 2821 locatum
676 2789 715 2819 ad
751 2790 817 2830 ejus
852 2793 1046 2829 segmentum

346 2835 552 2875 quodcunque
566 2832 727 2863 attrahitur
728 2851 1045 2862 .......................

335 2902 473 2933 PROP.
489 2901 692 2932 LXXXIV.
716 2899 888 2930 PROBL.
904 2897 1042 2928 XLIII.

307 2957 449 2988 Invenire
474 2959 537 2987 vim
559 2957 621 2999 qua
643 2957 859 2997 corpusculum
876 2962 960 2986 extra
975 2965 1045 2986 cen-

346 3007 430 3030 trum
455 3001 580 3038 sphaerae
603 3001 635 3030 in
657 3011 714 3030 axe
739 2999 889 3040 segmenti
916 2997 1049 3038 cujusvis

347 3041 493 3079 locatum,
510 3043 671 3073 attrahitur
684 3043 722 3072 ab
737 3043 847 3072 eodem
861 3047 1044 3082 segmento..

1057 1222 1121 1250 369

1063 1945 1124 1974 372

1063 2115 1125 2143 573

1067 2621 1128 2649 382

1067 2831 1128 2859 385

1068 3042 1130 3069 586

827 251 987 286 INDEX
1011 250 1426 286 PROPOSITIONUM.

1204 371 1340 403 PROP.
1353 369 1535 402 LXXXV.
1563 369 1743 401 THEOR.
1763 368 1880 400 XLII.

1154 440 1185 471 Si
1196 440 1328 479 corporis
1336 440 1464 477 attracti,
1475 439 1528 470 ubi
1537 439 1699 470 attrahenti
1710 438 1892 479 contiguum

1162 489 1168 495 ¹
1192 489 1247 518 est,
1262 482 1399 513 atu-actio
1413 481 1506 522 longe
1520 482 1627 512 sortior
1641 481 1689 518 sit,
1704 479 1797 520 quarn
1820 479 1893 510 cum

1192 524 1241 554 vel
1254 526 1383 554 minimo
1397 524 1557 555 intervallo
1571 529 1749 563 separantur
1763 524 1801 552 ab
1815 522 1895 552 invi-

1193 576 1278 597 cem:
1297 567 1375 596 vires
1389 566 1608 605 particularum
1623 565 1780 601 trahentis,
1796 565 1829 593 in
1843 574 1892 594 re-

1193 618 1280 638 cessu
1301 608 1435 647 corporis
1455 609 1584 644 attracti,
1606 607 1785 637 decrescunt
1799 607 1831 636 in
1846 616 1894 636 ra-

1197 650 1280 679 tione
1308 650 1470 690 plusquam
1499 649 1655 689 duplicata
1681 648 1894 679 distantiarum

1192 702 1211 722 a
1220 691 1384 731 particulis.
1391 711 1890 723 ....................................
1911 692 1976 720 388

1175 759 1312 790 PROP.
1330 758 1534 790 LXXXVI.
1559 758 1740 790 THEOR.
1756 756 1891 789 XLIII.

1157 816 1189 848 Si
1206 817 1435 856 particularum,
1459 826 1496 846 ex
1521 816 1632 856 quibus
1655 826 1765 855 corpus
1787 821 1896 846 atti-w

1196 861 1295 889 tivum
1310 859 1512 898 componitur,
1540 858 1616 888 vires
1636 860 1668 888 in
1689 868 1809 889 recessu
1829 867 1896 889 cor-

1195 901 1278 941 poris
1291 902 1409 931 attracti
1420 901 1599 931 decrescunt
1623 900 1655 930 in
1677 899 1827 939 triplicata
1847 899 1898 930 vel

1196 944 1358 983 plusquam
1374 942 1526 981 triplicata
1547 943 1662 973 ratione
1683 942 1897 973 distantiarum

1196 996 1214 1015 a
1229 985 1393 1024 particulis,
1417 985 1554 1015 attractio
1570 983 1660 1025 longe
1674 984 1780 1014 fortior
1793 984 1850 1014 erit
1863 985 1898 1014 in

1195 1034 1346 1063 contactu,
1361 1026 1453 1067 quam
1468 1026 1541 1057 cum
1551 1028 1672 1057 trahens
1687 1033 1717 1056 et
1730 1032 1894 1056 attractum

1197 1069 1356 1100 intervallo
1370 1069 1419 1100 vel
1439 1069 1569 1099 minimo
1589 1074 1767 1108 separantur
1789 1069 1828 1099 ab
1850 1069 1898 1098 in-

1195 1112 1292 1142 vicem
1300 1130 1895 1144 ...........................................
1905 1109 1977 1142 ibid.

1171 1180 1308 1212 PROP.
1324 1179 1551 1211 LXXXVII.
1569 1179 1748 1210 THEOR.
1766 1179 1898 1210 XLIV.

1157 1238 1191 1269 Si
1204 1249 1330 1278 corpora
1349 1238 1413 1268 duo
1434 1237 1491 1268 sibi
1511 1237 1644 1267 invicem
1665 1236 1784 1273 similia,
1811 1241 1843 1266 et
1857 1245 1897 1267 ex

1195 1279 1326 1311 materia
1346 1280 1503 1320 aequaliter
1530 1278 1687 1310 attractiva
1715 1278 1896 1314 constantia,

1144 1336 1147 1338 “
1196 1323 1321 1356 seorsim
1349 1323 1502 1353 attrahant
1529 1320 1712 1360 corpuscula
1739 1320 1795 1351 sibi
1824 1320 1898 1359 ipsis

1196 1365 1432 1404 proportionalia
1457 1370 1490 1394 et
1509 1364 1548 1394 ad
1570 1374 1602 1393 se
1625 1362 1763 1393 similiter
1779 1363 1895 1402 posita:

1197 1408 1388 1438 attractiones
1402 1406 1625 1436 acceleratrices
1646 1405 1901 1443 corpusculorum

1197 1449 1231 1479 in
1245 1459 1370 1488 corpora
1384 1455 1457 1485 tota,
1481 1455 1571 1478 erunt
1584 1454 1620 1478 ut
1634 1448 1828 1482 attractiones
1848 1456 1899 1477 ao-

1198 1491 1384 1521 celeratrices
1393 1490 1643 1529 corpusculorum
1658 1490 1691 1519 in
1706 1499 1812 1519 eorum
1831 1498 1900 1527 par-

1198 1534 1308 1564 ticulas
1329 1534 1399 1563 totis
1418 1532 1664 1572 proportionales,
1681 1539 1712 1562 et
1726 1531 1759 1560 in
1774 1532 1845 1561 totis
1859 1531 1899 1560 si-

1197 1576 1309 1606 militer
1331 1577 1442 1614 positas
1445 1594 1900 1606 .................................

1161 1645 1296 1676 PROP.
1315 1643 1561 1674 LXXXVIII.
1588 1642 1769 1672 THEOR.
1786 1639 1899 1671 XLV.

1162 1701 1195 1732 Si
1216 1699 1434 1739 particularum
1457 1696 1620 1738 aequalium
1643 1695 1777 1735 corporis
1797 1694 1900 1735 cujus-

1202 1752 1325 1782 cunque
1347 1742 1425 1770 vires
1445 1740 1609 1770 attractivae
1624 1739 1685 1769 sint
1700 1744 1736 1768 ut
1748 1736 1904 1768 distantiae

1203 1784 1341 1814 locorum
1357 1794 1375 1812 a
1393 1782 1567 1820 particulis:
1596 1781 1641 1810 vis
1661 1780 1793 1818 corporis
1807 1778 1902 1808 totius

1202 1826 1307 1856 tendet
1332 1825 1371 1854 ad
1396 1824 1494 1863 ipsius
1518 1828 1660 1853 centrum
1682 1821 1846 1862 gravitatis
1870 1826 1902 1850 et

1202 1867 1309 1897 eadem
1331 1866 1388 1896 erit
1403 1875 1475 1895 cum
1489 1864 1519 1894 vi
1534 1864 1618 1903 globi
1632 1874 1669 1893 ex
1685 1862 1813 1892 materia
1826 1871 1900 1892 con-

1201 1908 1293 1938 simili
1307 1913 1338 1937 et
1348 1906 1459 1947 aequali
1473 1905 1638 1936 constantis
1652 1911 1682 1935 et
1693 1910 1833 1935 centrum
1847 1905 1901 1934 ha·-

1201 1950 1303 1981 bentis
1316 1950 1348 1979 in
1364 1951 1430 1990 ejus
1444 1954 1548 1979 centro
1562 1946 1718 1988 gravitatis
1719 1966 1897 1977 .............

1190 2017 1326 2049 PROP.
1340 2015 1539 2053 LXXXIX.
1570 2014 1750 2046 THEOR.
1766 2012 1898 2043 LXVI.

1163 2074 1195 2105 Si
1219 2084 1346 2113 corpora
1359 2074 1420 2103 sint
1433 2072 1522 2112 plura
1542 2081 1579 2102 ex
1601 2070 1758 2110 particulis
1776 2068 1901 2110 aequali-

1202 2118 1259 2147 bus
1275 2115 1452 2152 constantia,
1469 2124 1599 2154 quarum
1615 2114 1692 2143 vires
1706 2118 1776 2143 sunt
1792 2118 1827 2141 ut
1841 2111 1903 2141 dis-

1203 2158 1306 2189 tantiae
1321 2158 1458 2188 locorum
1469 2168 1488 2186 a
1498 2155 1643 2196 singulis:
1662 2155 1707 2184 vis
1715 2165 1752 2184 ex
1762 2154 1903 2184 omnium

1201 2201 1315 2231 viribus
1324 2199 1497 2237 composita,
1508 2197 1570 2238 qua
1579 2197 1794 2236 corpusculum
1804 2196 1902 2236 quod-

1203 2252 1324 2282 cunque
1348 2242 1486 2277 trahitur,
1516 2240 1621 2270 tendet
1648 2238 1688 2269 ad
1715 2238 1902 2269 trahentium

1204 2294 1368 2315 commune
1389 2290 1529 2313 centrum
1550 2281 1724 2323 gravitatis;
1750 2286 1781 2311 et
1795 2279 1903 2311 eadem

1203 2327 1260 2357 erit
1274 2336 1309 2356 ac
1324 2326 1349 2355 si
1363 2325 1512 2355 trahentia
1526 2324 1589 2360 illa,
1612 2329 1728 2354 servato
1748 2321 1904 2363 gravitatis

1204 2375 1309 2399 centro
1332 2367 1498 2403 communi,
1525 2367 1642 2396 coirent
1664 2371 1695 2395 et
1717 2366 1749 2395 in
1774 2364 1901 2405 globum

1203 2411 1408 2441 formarentur
1416 2427 1902 2440 ...................................

1248 2479 1386 2510 PROP.
1404 2478 1476 2509 XC.
1526 2475 1697 2508 PROBL.
1718 2474 1846 2505 XLIV.

1166 2537 1197 2569 Si
1219 2537 1257 2568 ad
1279 2536 1402 2577 singula
1426 2534 1531 2566 circuli
1554 2535 1765 2575 cujuscunque
1789 2535 1904 2570 puncta

1204 2579 1331 2610 tendant
1342 2579 1418 2611 vires
1429 2577 1560 2618 aequales
1569 2577 1752 2615 centripetae,
1767 2582 1903 2604 crescen-

1204 2629 1249 2652 tes
1264 2621 1311 2651 vel
1326 2620 1532 2651 decrescentes
1546 2620 1578 2649 in
1594 2627 1776 2659 quacunque
1790 2615 1905 2645 distan-

1205 2664 1317 2694 tiarum
1344 2662 1477 2692 ratione:
1510 2661 1647 2694 invenire
1670 2661 1731 2690 vim
1753 2657 1815 2698 qua
1839 2665 1905 2686 cor-

1206 2705 1371 2744 pusculum
1402 2703 1565 2734 attrahitur
1592 2702 1693 2733 ubivis
1715 2701 1847 2739 positum
1871 2699 1904 2728 iu

1206 2747 1286 2778 recta
1300 2757 1369 2786 quae
1392 2746 1485 2785 plano
1507 2744 1612 2775 circuli
1627 2743 1666 2774 ad
1680 2749 1819 2773 centrum
1841 2740 1907 2780 ejus

1205 2788 1495 2829 perpendiculariter
1517 2786 1636 2817 insistit.
1640 2804 1904 2816 ...................

1250 2858 1402 2890 'PROP.
1423 2857 1518 2889 XCI.
1544 2855 1715 2887 PROBL.
1733 2853 1840 2885 XLV.

1168 2916 1316 2947 Invenire
1332 2914 1543 2945 attractionem
1559 2911 1731 2951 corpusculi
1747 2910 1795 2940 siti
1806 2910 1837 2939 in
1852 2919 1909 2940 axe

1208 2958 1297 2988 solidi
1321 2957 1452 2992 rotundi,
1480 2956 1519 2986 ad
1543 2956 1633 2995 cujus
1653 2959 1767 2993 puncta
1787 2951 1910 2992 singula

1208 3000 1341 3031 tendunt
1356 3000 1432 3028 vires
1447 2998 1579 3037 aequales
1593 2997 1766 3034 centripetoe
1780 2993 1812 3023 in
1831 2991 1909 3034 quan

1209 3052 1333 3083 cunque
1344 3040 1554 3071 distantiarum
1566 3039 1683 3069 ratione
1693 3037 1906 3068 decrescentes.

1922 1574 1986 1603 589

1922 1947 1983 1977 391

1925 2407 1988 2437 392

1927 2784 1989 2813 893

1931 3035 1994 3066 39⁵
