2086 3542
189 259 260 304 Dr,
267 264 426 313 mmm]
619 256 941 300 PRINCIPIA
973 253 1466 297 MATHEMATICA.
1849 257 1867 292 l
1876 256 1895 293 1

238 373 386 416 Motus
405 370 636 426 proprietas
655 376 738 419 est,v
753 367 868 424 quod
887 374 1038 422 partes,
1058 380 1154 422 quae
1166 364 1284 407 datas
1300 371 1466 406 servant
1483 363 1708 418 positiones
1723 364 1778 405 ad
1791 371 1892 415 tota,

174 444 424 500 participant
443 449 580 482 motus
601 439 831 482 eorundem
850 446 1046 479 totorum.
1107 437 1219 478 Nam
1244 436 1483 493 gyrantium
1502 442 1640 489 partes
1663 434 1725 489 (¹¹¹)
1748 449 1892 477 omnes

176 523 379 558 conantur
398 512 593 555 recedere
612 511 665 552 ab
686 525 766 552 axe
786 517 935 561 motus,
958 517 1001 551 et
1018 506 1376 565 progredientium
1390 507 1569 561 imPetus
1581 505 1714 547 oritur
1729 519 1782 546 ex
1797 520 1895 546 con-

168 590 316 645 juncto
336 587 493 642 impetu
502 585 694 640 spartium
714 583 983 640 singularum.
1045 580 1177 622 Motis
1197 580 1324 637 igitur
1343 577 1588 633 corporibus
1604 576 1893 627 ambientibus,

174 667 394 702 moventur
413 672 508 714 quae
537 657 579 697 in
613 654 890 696 ambientibus
924 651 1094 695 relative
1127 652 1356 708 quiescunt.
1418 650 1474 692 Et
1503 657 1726 704 propterea
1755 657 1894 689 motus

172 744 296 774 verus
316 740 359 773 et
387 729 601 772 absolutus
631 726 797 769 definiri
825 725 970 781 nequit
996 739 1074 780 per
1103 722 1416 765 translationem
1437 737 1460 763 e
1480 720 1628 763 vicinia
1657 734 1893 775 corporum,

173 817 268 860 quae
288 810 487 858 tanquam
507 798 760 856 quiescentia
780 803 1032 852 spectantur.
1092 794 1264 837 Debent
1283 793 1394 834 enim
1409 807 1588 847 corpora
1607 799 1782 832 externa
1808 805 1895 831 non

172 875 309 918 solum
330 882 528 930 tanquam
548 870 803 928 quiescentia
821 867 1013 923 spectari,
1047 866 1120 908 sed
1150 866 1273 907 etiam
1296 863 1390 906 vere
1411 864 1634 920 quiescere.
1695 862 1895 918 Alioquin

169 945 330 988 inclusa
348 945 500 994 omnia,
533 950 688 999 praeter
716 939 1030 983 translationem
1050 953 1074 979 e
1092 936 1241 978 vicinia
1273 934 1558 986 ambientium,
1587 932 1897 989 participabunt

170 1019 295 1060 etiam
315 1015 586 1059 ambientium
606 1021 744 1061 motus
764 1025 911 1060 veros;
945 1018 988 1052 et
1018 1008 1179 1050 sublata
1200 1006 1270 1048 illfi
1291 1006 1562 1048 translatione
1580 1020 1668 1047 non
1687 1003 1784 1046 vere
1804 1004 1896 1060 qui-

169 1096 324 1140 escent,
360 1087 436 1130 sed
465 1094 664 1141 tanquam
695 1081 949 1140 quiescentia
979 1078 1241 1122 solummodo
1271 1077 1581 1133 spectabuntur.
1645 1076 1753 1118 Sunt
1782 1075 1895 1117 enim

168 1158 395 1202 ambientia
413 1157 468 1199 ad
487 1156 659 1206 inclusa,
681 1162 729 1196 ut
748 1142 874 1196 totius
893 1166 991 1207 pars
1012 1150 1194 1193 exterior
1213 1148 1268 1191 ad
1287 1156 1449 1204 partem
1468 1147 1724 1202 interiorem,
1755 1150 1822 1192 vel
1850 1160 1897 1193 ut

168 1238 316 1272 cortex
336 1229 390 1271 ad
409 1227 618 1270 nucleum.
679 1226 804 1270 Moto
825 1233 964 1268 autem
984 1222 1151 1277 cortice,
1171 1220 1346 1263 nucleus
1365 1219 1503 1274 etiam,
1523 1218 1615 1263 sine
1631 1222 1896 1265 translatione

167 1302 222 1344 de
241 1300 387 1346 vicinis
408 1299 587 1352 corticis,
610 1313 686 1341 ceu
706 1314 803 1354 pars
822 1300 949 1341 totius
969 1306 1172 1341 movetur.
1879 1283 1881 1285 ’

227 1373 489 1418 Praecedenti
507 1372 753 1428 proprietati
772 1371 905 1413 affinis
925 1379 1000 1421 est,
1018 1370 1132 1427 quod
1146 1378 1261 1412 moto
1275 1370 1370 1412 loco
1385 1378 1577 1413 movetur
1590 1370 1676 1412 una
1688 1370 1868 1413 locatum
1883 1385 1893 1412 :
1923 1402 1927 1404 >

167 1446 346 1503 ideoque
367 1459 533 1499 corpus,
556 1443 670 1500 quod
690 1443 744 1484 de
763 1442 859 1484 loco
878 1450 992 1484 moto
1011 1449 1214 1493 movetur,
1236 1441 1460 1496 participat
1478 1441 1603 1483 etiam
1622 1441 1705 1482 loci
1724 1441 1787 1482 sui
1805 1456 1895 1483 mo-
1923 1476 1926 1479 .

167 1525 271 1559 tum.
324 1517 379 1572 (¹¹)
403 1516 551 1558 Motus
571 1515 700 1571 igitur
719 1528 877 1563 omnes,
900 1513 971 1569 qui
991 1512 1047 1554 de
1066 1512 1171 1554 locis
1191 1512 1315 1554 motis
1335 1512 1457 1562 fiunt,
1480 1519 1578 1554 sunt
1589 1519 1728 1567 partes
1744 1511 1895 1553 solum-

167 1587 295 1629 modo
313 1595 504 1628 motuum
523 1586 786 1641 integrorum
805 1591 848 1625 et
867 1583 1179 1625 absolutorum:
1211 1590 1253 1624 et
1270 1589 1408 1624 motus
1429 1582 1564 1624 omnis
1590 1582 1755 1639 integer
1780 1597 1894 1624 com-

166 1659 336 1715 ponitur
355 1673 410 1700 ex
428 1665 547 1699 motu
568 1656 753 1712 corporis
773 1656 826 1698 de
845 1655 939 1698 loco
960 1670 1036 1697 suo
1054 1656 1205 1711 primo,
1227 1663 1270 1698 et
1297 1663 1417 1697 motu
1447 1655 1532 1696 loci
1562 1655 1685 1711 hujus
1716 1654 1770 1696 de
1800 1654 1895 1696 loco

165 1745 256 1786 suo,
279 1738 324 1773 et
346 1730 406 1772 sic
425 1729 648 1784 deinceps3
679 1743 810 1785 usque
830 1720 932 1769 dum
950 1728 1217 1783 perveniatur
1248 1728 1301 1770 ad
1332 1727 1472 1770 locum
1503 1728 1734 1778 immotum,
1771 1734 1818 1769 ut
1850 1727 1893 1768 in

167 1803 362 1859 exemplo
381 1809 524 1843 nautae
545 1815 672 1856 supra
690 1808 934 1842 memorato.
987 1800 1116 1843 Unde
1135 1808 1273 1841 motus
1293 1800 1446 1857 integri
1466 1807 1508 1841 et
1522 1799 1700 1841 absoluti
1714 1813 1799 1840 non
1814 1799 1895 1840 nisi

166 1888 243 1931 per
261 1865 354 1916 loca
373 1873 546 1914 immota
565 1871 732 1914 definiri
751 1879 949 1926 possunt:
975 1878 1029 1913 'et
1047 1879 1269 1927 propterea
1287 1871 1364 1912 hos
1384 1871 1440 1913 ad
1458 1871 1552 1912 loca
1570 1870 1754 1921 immota,
1786 1869 1894 1914 rela-

167 1946 274 2006 tivos
294 1945 349 1987 ad
368 1945 543 1986 mobilia
563 1959 690 2000 supra
705 1945 841 1987 retuli.
901 1945 1018 1987 Loca
1032 1954 1171 1987 autem
1191 1945 1363 1987 immota
1376 1960 1463 1986 non
1476 1953 1585 1996 sunt,
1600 1945 1679 1987 nisi
1695 1954 1789 2001 quae
1804 1958 1893 1985 om-

168 2018 238 2059 nia
257 2017 310 2059 ab
329 2017 496 2058 infinito
516 2017 560 2059 in
579 2016 790 2058 infinitum
805 2017 922 2058 datas
936 2026 1101 2059 servant
1114 2018 1340 2072 positiones
1357 2017 1412 2059 ad
1423 2017 1622 2067 invicem3
1653 2025 1776 2073 atque
1788 2016 1893 2058 adeo

161 2098 335 2146 ‘semper
354 2099 524 2132 manent
542 2091 727 2141 immota,
746 2091 1007 2147 spatiumque
1028 2091 1285 2132 constituunt
1305 2090 1418 2147 quod
1430 2090 1642 2131 immobile
1657 2089 1836 2146 appello.

230 2164 396 2215 Causae,
420 2163 570 2220 quibus
590 2171 727 2204 motus
746 2163 834 2205 veri
854 2171 895 2204 et
914 2163 1074 2204 relativi
1094 2162 1407 2220 distinguuntur
1426 2163 1480 2204 ab
1499 2162 1687 2212 invicem,
1720 2170 1817 2203 sunt
1835 2161 1893 2203 vi-

168 2251 234 2278 res
253 2236 298 2276 in
318 2249 497 2291 corpora
517 2235 729 2290 impressae
749 2235 804 2276 ad
822 2243 982 2276 motum
1002 2235 1299 2292 generandum.
1362 2234 1509 2277 Motus
1529 2249 1650 2276 verus
1671 2248 1748 2275 nec
1767 2248 1894 2291 gene-

168 2316 284 2349 ratur
303 2321 382 2348 nec
403 2314 603 2356 mutatur,
625 2306 707 2346 nisi
725 2320 802 2360 per
821 2306 928 2346 vires
958 2306 1002 2346 in
1031 2306 1169 2361 ipsum
1199 2321 1351 2362 corpus
1381 2314 1542 2347 motum
1572 2306 1819 2359 impressas:
1851 2312 1893 2346 at

167 2386 304 2420 motus
323 2378 522 2420 relativus
542 2377 736 2435 generari
757 2385 797 2418 et
817 2377 967 2418 mutari
986 2385 1122 2432 potest
1143 2378 1230 2418 sine
1250 2378 1405 2418 viribus
1426 2376 1634 2431 impressis
1650 2376 1692 2415 in
1708 2374 1788 2415 hoc
1801 2389 1893 2416 cor-

167 2467 259 2508 pus.
310 2452 474 2495 Sufficit
493 2451 606 2494 enim
627 2458 675 2492 ut
694 2441 955 2506 imprimatur
975 2450 1018 2491 in
1038 2450 1119 2491 alia
1141 2449 1273 2490 solum
1296 2463 1472 2504 corpora
1491 2448 1544 2489 ad
1564 2461 1658 2503 quae
1672 2447 1721 2488 fit
1732 2447 1890 2498 relatio,

167 2531 215 2564 ut
235 2523 286 2565 iis
306 2522 552 2564 cedentibus
573 2529 757 2564 mutetur
775 2521 921 2563 relatio
941 2521 1013 2563 illa
1031 2522 1075 2562 in
1095 2520 1175 2577 qua
1196 2520 1318 2575 hujus
1335 2519 1450 2576 quies
1466 2519 1530 2560 vel
1546 2528 1682 2560 motus
1698 2518 1891 2562 relativus

171 2594 368 2636 consistit.
403 2594 591 2636 Rursum
611 2601 747 2635 motus
763 2609 885 2635 verus
901 2609 926 2635 a
940 2593 1095 2634 viribus
1110 2593 1154 2633 in
1170 2606 1320 2648 corpus
1335 2600 1495 2633 motum
1508 2590 1715 2645 impressis
1729 2605 1891 2646 semper

168 2675 376 2718 mutatur3
407 2677 450 2708 at
468 2675 609 2708 motus
628 2667 821 2709 relativus
842 2667 895 2708 ab
914 2666 979 2707 his
1000 2666 1156 2707 viribus
1177 2680 1263 2706 non
1282 2672 1465 2705 mutatur
1484 2663 1726 2704 necessario.
1778 2664 1888 2705 Nam

170 2740 206 2781 si
215 2740 384 2783 'eaedem
404 2740 514 2782 vires
534 2740 577 2780 in
602 2739 682 2781 alia
702 2740 826 2781 etiam
847 2755 1036 2794 corpora,
1060 2739 1113 2780 ad
1134 2753 1228 2795 quae
1247 2737 1296 2778 fit
1326 2721 1485 2787 relatio,
1516 2736 1573 2776 sic
1600 2735 1890 2790 imprimantur

170 2827 270 2859 partos
284 2820 414 2851 circulos
428 2819 612 2855 describunt,
636 2826 667 2850 et
689 2821 728 2850 ab
751 2819 875 2850 illorum
897 2819 1009 2850 centris
1051 2819 1100 2855 ris,
1118 2829 1172 2848 seu
1187 2824 1327 2856 respectu
1342 2817 1403 2846 loci
1417 2815 1554 2851 secundi,
1567 2821 1597 2845 et
1608 2825 1644 2844 ex
1657 2814 1810 2846 celeritate
1820 2827 1886 2848 ma-

169 2873 224 2902 per
237 2869 399 2904 tangentes
412 2863 550 2904 effugere
563 2869 724 2899 conantur,
748 2872 882 2902 cumque
903 2862 1010 2893 omnia
1052 2863 1093 2891 ris
1107 2867 1246 2900 respectu
1262 2859 1350 2899 spatii
1365 2858 1494 2888 immoti.
1533 2857 1565 2887 si
1580 2864 1684 2887 autem
1694 2865 1798 2888 motus
1809 2870 1887 2890 nau-

172 2905 226 2936 illa
238 2911 343 2936 centn
356 2905 419 2936 sint
431 2906 465 2935 in
479 2915 539 2935 axe
551 2905 657 2936 motus
670 2905 776 2944 posita.
792 2905 925 2946 singulae
938 2915 1008 2944 par-
1052 2911 1101 2939 tae,
1118 2903 1218 2934 motui
1233 2902 1319 2933 navis
1333 2901 1412 2931 soret
1426 2898 1540 2930 directe
1559 2900 1725 2939 oppositus,
1748 2902 1889 2933 absoluta

171 2954 218 2978 tes
230 2949 270 2978 ab
283 2957 342 2978 axe
354 2947 497 2978 recedere
511 2948 664 2978 nituntur.
1051 2953 1156 2976 nautae
1170 2945 1313 2976 velocitas
1327 2943 1454 2984 aequalis
1468 2943 1547 2972 foret
1556 2942 1737 2973 differentiae
1747 2945 1885 2987 eelerita-

214 2990 261 3031 (¹²)
286 2993 335 3021 19.
362 2991 395 3020 Si
409 2997 506 3021 nauta
527 2990 559 3020 in
581 2991 651 3020 navi
674 2990 872 3021 deambulare
893 3000 1008 3030 suppo·
1052 2996 1121 3020 tum
1135 2988 1224 3019 navis
1245 2993 1385 3026 respectu
1407 2985 1496 3024 spatii
1517 2985 1638 3015 immoti
1660 2991 1691 3016 et
1712 2993 1815 3016 nautae
1836 2997 1886 3017 te-

174 3039 274 3069 natur,
289 3038 454 3072 motusque
467 3033 553 3062 navis
567 3038 598 3063 et
619 3039 722 3063 nautae
743 3033 928 3072 conspirent,
959 3033 1007 3062 in·
1051 3038 1157 3071 spectu
1172 3031 1267 3060 navis.
1316 3027 1456 3058 Tandem
1471 3027 1497 3057 si
1510 3034 1615 3058 motus
1629 3034 1733 3059 nautae
1746 3035 1887 3068 respectu

175 3083 262 3115 tegra
275 3080 307 3104 et
321 3074 462 3105 absoluta
473 3083 578 3105 nautae
592 3075 731 3107 celeritas
751 3075 948 3114 componitur
968 3084 1007 3104 ex
1051 3074 1137 3104 navis
1150 3073 1230 3103 foret
1244 3071 1396 3111 obliquus,
1412 3070 1496 3100 illius
1509 3070 1636 3101 directio
1650 3078 1680 3101 et
1695 3071 1839 3102 velocitas
1852 3072 1885 3101 in

174 3117 327 3148 celeritate
342 3122 446 3146 nautae
459 3124 598 3155 respectu
621 3118 681 3147 loci
702 3117 750 3147 sui
772 3118 863 3156 primi
878 3117 911 3147 in
926 3116 1005 3151 navi,
1052 3116 1131 3147 duas
1145 3116 1220 3146 alias
1235 3114 1418 3144 directiones
1432 3112 1645 3143 etvelocitates
1658 3113 1701 3143 ita
1712 3113 1820 3144 resolvi
1831 3115 1886 3145 de—

172 3169 212 3191 ex
225 3159 380 3190 celeritate
393 3158 453 3189 loci
468 3159 563 3198 iuius,
577 3160 612 3191 id
625 3166 681 3197 est,
695 3160 782 3190 navis
791 3166 932 3200 respectu
943 3169 1010 3190 ma·
1051 3160 1136 3197 bent,
1153 3164 1190 3188 ut
1203 3167 1267 3188 una
1280 3155 1408 3187 directio
1421 3165 1494 3186 cum
1508 3155 1639 3187 aliomm
1648 3163 1792 3191 motuum
1800 3166 1886 3188 com-
