2158 3562
826 255 1170 300 PRAEFATIO.
1733 255 1848 304 xxvii

200 366 371 409 Extabit
390 366 517 424 igitur
535 367 736 410 eximium
757 369 949 411 Newtoni
970 370 1090 426 Opus
1110 371 1305 413 adversus
1326 371 1542 414 atheorum
1560 374 1736 429 impetus
1755 391 1848 419 mu-

139 439 387 482 nitissimum
401 439 657 495 praesidium:
679 456 813 498 neque
825 443 935 484 enim
951 443 1140 486 alicunde
1154 443 1325 496 felicius,
1341 444 1465 502 quam
1481 461 1532 488 ex
1547 446 1627 489 hac
1639 448 1847 503 pharetra,

139 518 283 553 contra
302 511 472 567 impiam
492 521 697 556 catervam
716 515 798 556 tela
817 515 1134 572 deprompseris.
1181 517 1282 559 Hoc
1298 518 1424 560 sensit
1434 519 1610 575 pridem,
1624 528 1666 563 et
1677 521 1720 563 in
1731 537 1850 577 pere-

137 581 285 625 ruditis
316 583 583 624 concionibus
614 584 790 640 Anglice
812 585 1042 639 Latineque
1063 586 1195 638 editis,
1226 588 1385 643 primus
1411 590 1577 647 egregie
1597 591 1853 634 demonstra-

137 658 195 699 vit
213 657 278 698 vir
295 657 340 698 in
359 653 473 699 omni
491 657 703 698 literarum
722 669 874 714 genere
898 654 1124 711 praeclarus
1149 655 1344 713 idemque
1362 656 1568 699 bonarum
1589 659 1739 700 artium
1758 660 1849 705 sau-

136 738 202 772 tor
221 730 395 772 eximius
418 729 651 772 Richardus
674 728 900 778 Bentleius,
924 728 1051 769 seculi
1070 728 1134 769 sui
1154 735 1195 770 et
1216 728 1456 771 Academiae
1478 737 1632 772 nostrae
1647 745 1846 788 magnum

135 809 436 852 ornamentum,
461 801 639 859 Collegii
654 800 786 842 nostri
808 801 850 841 S.
873 800 1089 841 Trinitatis
1109 800 1305 857 magister
1320 801 1585 858 dignissimus
1605 810 1646 844 et
1665 802 1846 860 integer-

133 874 272 915 rimus.
334 874 450 916 Huic
470 890 549 931 ego
568 889 636 915 me
654 873 841 929 pluribus
862 871 1098 912 nominibus
1119 872 1362 914 obstrictum
1381 873 1500 914 fateri
1515 865 1670 915 debeo:
1692 874 1790 916 huic
1804 883 1846 917 et

132 951 223 986 tuas
245 960 338 1001 quae
357 945 560 988 debentur
578 945 744 1002 gratias,
767 943 896 985 lector
915 930 1126 993 benevole,
1149 958 1234 984 non
1255 943 1491 1001 denegabis.
1543 945 1586 986 Is
1602 946 1724 997 enim,
1748 961 1844 987 cum

131 1030 157 1056 a
174 1015 302 1074 longo
321 1024 508 1073 tempore
529 1016 783 1058 celeberrimi
803 1014 982 1056 auctoris
999 1013 1176 1055 amicitia
1197 1014 1341 1056 intima
1362 1015 1580 1067 frueretur,
1604 1020 1704 1073 (qua
1719 1018 1842 1060 etiam

130 1090 242 1144 apud
261 1098 448 1145 posteros
469 1090 627 1131 censeri
646 1104 732 1130 non
751 1088 923 1129 minoris
943 1087 1131 1138 aestimat,
1155 1086 1280 1144 quam
1294 1089 1473 1144 propriis
1495 1089 1658 1145 scriptis
1678 1105 1772 1146 quae
1791 1091 1841 1133 li-

129 1168 261 1202 terato
280 1162 372 1203 orbi
390 1163 435 1203 in
454 1162 610 1204 deliciis
631 1169 727 1203 sunt
746 1160 1030 1212 inclarescere)
1062 1159 1184 1200 amici
1213 1160 1334 1201 simul
1364 1160 1485 1202 famae
1514 1169 1555 1203 et
1578 1162 1840 1206 scientiarum

127 1232 380 1279 incremento
401 1234 621 1276 consuluit.
696 1233 842 1290 Itaque
862 1247 958 1274 cum
978 1232 1230 1287 exemplaria
1248 1232 1399 1287 prioris
1420 1233 1612 1276 editionis
1632 1236 1839 1278 rarissima

127 1305 354 1350 admodum
374 1315 414 1349 et
432 1307 602 1350 immani
622 1307 757 1362 pretio
779 1304 1005 1347 coemenda
1034 1311 1316 1359 superessent3
1347 1305 1473 1346 suasit
1499 1305 1569 1347 ille
1597 1307 1752 1350 crebris
1779 1307 1838 1350 ef-

125 1377 460 1434 flagitationibus,
493 1386 534 1420 et
562 1386 724 1419 tantum
752 1391 838 1417 non
867 1374 1126 1432 objurgando
1154 1374 1336 1429 perpulit
1366 1375 1545 1431 denique
1565 1377 1699 1418 virum
1727 1393 1836 1434 prae-

126 1451 436 1502 stantissimum,
458 1465 536 1492 nec
555 1449 756 1493 modestia
778 1447 915 1490 mimis
945 1447 1070 1504 quam
1091 1447 1322 1489 eruditione
1353 1448 1512 1490 summa
1543 1449 1758 1506 insignem,
1790 1459 1837 1493 ut

126 1535 277 1564 novam
295 1523 403 1564 hanc
424 1523 559 1578 operis
581 1522 816 1572 editionem,
837 1535 913 1576 per
933 1520 1072 1561 omnia
1092 1519 1301 1561 elimatam
1315 1519 1454 1562 denuo
1469 1529 1510 1562 et
1530 1524 1706 1580 egregiis
1721 1525 1835 1565 insu·-

124 1608 200 1650 per
220 1594 521 1636 accessionibus
542 1593 726 1643 ditatam,
761 1592 845 1634 suis
876 1591 1106 1647 sumptibus
1132 1598 1173 1632 et
1199 1591 1389 1646 auspiciis
1408 1592 1578 1646 prodire
1598 1601 1831 1649 pateretur:

124 1665 228 1706 mihi
246 1664 358 1715 vero,
380 1679 458 1720 pro
471 1665 566 1720 jure
586 1679 674 1715 suo,
695 1679 872 1720 pensum
891 1678 977 1705 non
996 1663 1207 1721 ingratum
1226 1663 1504 1718 demandavit,
1526 1674 1572 1709 ut
1592 1682 1716 1724 quam
1735 1683 1833 1724 pos-

125 1745 187 1780 set
205 1735 419 1781 emendate
438 1736 484 1778 id
502 1735 594 1778 fieri
613 1750 813 1778 curarem.

251 1942 464 1982 cantabrigiae,
481 1943 562 1974 Maii
579 1944 627 1972 12.
650 1943 740 1973 1718.

993 2129 1290 2174 ROGERUS
1327 2130 1538 2186 COTES,

674 2201 827 2253 Collegii
845 2202 885 2240 S.
911 2201 1104 2253 Zrinitatis
1125 2202 1262 2247 Socius,
1283 2203 1568 2264 Astronomz'ae'et
1587 2203 1831 2255 Philosophia:

884 2270 1188 2321 Experimentalis
1207 2269 1399 2321 Professor
1417 2271 1647 2309 Plumz‘anus.
