2086 3542
221 262 274 300 58
625 254 1085 300 -PHILOSOPHIAE
1122 251 1482 308 NATURALIS
1539 254 1706 306 [Moru
1728 255 1919 301 Coaron

219 372 294 412 διο.
328 370 546 412 habebitur
575 371 699 414 series
733 371 979 428 angulorum
1008 376 1218 411 contactus
1237 384 1415 427 pergens
1434 369 1478 411 in
1497 370 1717 422 infinitum,
1748 385 1925 427 quorum

198 450 202 454 '
220 441 390 498 quilibet
421 443 624 496 posterior
652 450 715 484 est
742 439 901 482 infinite
920 441 1056 481 minor
1074 440 1224 495 priore.
1285 440 1342 482 Et
1361 440 1396 482 si
1414 440 1488 482 fiat
1507 440 1551 482 D
1572 440 1611 482 Β
1630 439 1859 484 successive
1878 449 1927 484 ut

218 512 259 555 A
282 510 354 563 D2,
387 512 427 554 A
447 513 531 566 ΒΞ,
565 514 606 555 Α
635 512 719 568 Dg,
751 512 793 553 A
822 510 906 564 DJ„
939 510 980 552 A
1008 508 1093 563 Dg,
1125 510 1167 552 A
1206 509 1289 563 D}‚
1320 511 1397 553 διο.
1425 509 1656 558 habebitur
1679 511 1760 553 alia
1797 511 1923 554 series

215 583 377 624 infinita
396 583 641 640 angulorum
675 590 898 631 contactus,
930 595 1106 637 quorum
1138 579 1296 636 primus
1331 588 1394 621 est
1423 580 1607 636 ejusdem
1634 582 1797 639 generis
1827 594 1923 629 cum

217 653 494 704 circularibus,
526 653 729 695 secundus
762 651 920 693 infinite
949 652 1092 707 major,
1124 660 1166 692 et
1194 650 1366 706 quilibet
1392 651 1594 706 posterior
1612 651 1771 694 infinite
1790 653 1924 708 major

214 724 366 780 priore.
426 724 510 768 Sed
529 732 571 765 et
598 724 705 766 inter
724 723 827 764 duos
847 722 1008 779 quosvis
1028 737 1081 763 ex
1099 721 1164 763 his
1184 720 1343 777 angulis
1361 729 1495 775 potest
1521 722 1647 765 series
1666 723 1858 779 utrinque
1877 722 1923 764 in

213 794 420 836 infinitum
439 809 614 852 pergens
635 795 881 852 angulorum
899 792 1238 835 intermediorum
1257 791 1395 842 inseri,
1427 806 1602 848 quorum
1622 793 1793 849 quilibet
1823 807 1922 848 pos-

214 865 342 907 terior
373 866 450 907 erit
482 864 642 907 infinite
670 866 801 921 major
819 865 1004 905 minorve
1022 863 1173 918 priore.
1234 862 1296 904 Ut
1315 862 1348 902 si
1367 862 1475 903 inter
1494 863 1690 905 terminos
1711 864 1753 906 A
1772 862 1847 915 ΒΩ,
1879 870 1922 913 ,et

217 935 260 977 A
295 936 368 986 D3,
399 936 600 978 inseratur
629 936 752 978 series
787 936 829 977 A
858 935 902 976 D
932 935 991 990 ¹355,
1025 934 1066 975 A
1096 934 1206 988 D¹3¹,
1239 932 1281 974 A
1301 932 1384 990 ΒΞ,
1417 933 1458 974 Α
1479 932 1561 990 Βξ,
1594 934 1635 975 Α
1655 933 1813 990 D{,VA
1833 933 1919 990 Dfir,

178 996 188 1007 ’
217 1006 258 1047 Α
292 1006 402 1061 DEI-¹,
444 1007 485 1048 A
504 1007 614 1063 D¹34,
647 1007 689 1048 A
717 1006 828 1064 Dlg,
871 1007 946 1048 &c.
1007 1004 1064 1046 Et
1100 1018 1239 1045 rursus
1283 1003 1391 1044 inter
1428 1003 1547 1045 binos
1586 1005 1750 1060 quosvis
1789 1019 1920 1061 angu-

214 1075 276 1118 los
294 1077 414 1133 hujus
434 1077 554 1119 seriei
582 1077 706 1118 inseri
735 1084 870 1131 potest
890 1075 1016 1119 series,
1033 1089 1142 1117 nova
1160 1073 1405 1131 angulorum
1424 1073 1764 1115 intermediorum
1783 1074 1838 1120 ab
1855 1074 1919 1115 in-

214 1147 344 1189 vicem
362 1148 532 1189 infinitis
552 1146 774 1189 intervallis
795 1134 1083 1190 differentium.
1142 1145 1290 1200 Neque
1309 1144 1423 1185 novit
1441 1152 1588 1185 natura
1605 1143 1790 1186 limitem.

270 1220 285 1272 (
305 1216 315 1240 ¹
332 1217 346 1271 )
379 1217 487 1266 Quae
507 1217 559 1258 de
579 1217 712 1258 curvis
732 1216 850 1257 lineis
871 1215 1004 1271 deque
1025 1214 1316 1269 superficiebus
1337 1213 1642 1269 comprehensis
1662 1214 1920 1256 demonstra-

210 1295 255 1330 ta
274 1295 379 1338 sunt,
410 1285 528 1329 facile
559 1287 816 1342 applicantur
850 1285 904 1328 ad
937 1285 1163 1327 solidorum
1194 1284 1428 1339 superficies
1461 1299 1604 1326 curvas
1639 1293 1681 1326 et
1714 1293 1919 1327 contenta.

214 1359 304 1413 (¹¹²)
337 1358 525 1405 Praemisi
553 1356 651 1400 verb
670 1357 762 1399 haec
790 1357 995 1407 lemmata,
1026 1363 1073 1397 ut
1092 1354 1315 1411 effugerem
1333 1354 1504 1400 taedium
1523 1354 1756 1396 deducendi
1773 1355 1918 1413 longas

215 1428 597 1479 demonstrationes,
628 1443 743 1470 more
777 1437 963 1470 veterum
991 1434 1307 1484 geometrarum,
1339 1424 1392 1466 ad
1421 1424 1658 1466 absurdum.
1719 1425 1920 1468 Contrac-

213 1499 337 1544 tiores
353 1499 462 1541 enim
481 1499 711 1541 redduntur
730 1498 1099 1540 demonstrationes
1118 1511 1194 1551 per
1212 1495 1453 1537 methodum
1472 1495 1792 1538 indivisibilium.
1837 1497 1921 1539 Sed

216 1571 410 1627 quoniam
430 1571 572 1612 durior
591 1578 654 1612 est
681 1569 988 1611 indivisibilium
1015 1566 1269 1624 hypothesis,
1300 1574 1343 1607 et
1373 1574 1593 1620 propterea
1611 1566 1830 1609 methodus
1849 1568 1921 1610 illa

215 1640 349 1683 minus
367 1642 615 1699 geometrica
643 1648 846 1691 censetur3
878 1639 952 1696 (¹¹)
982 1638 1108 1681 malui
1137 1636 1500 1680 demonstrationes
1515 1651 1652 1679 rerum
1667 1638 1921 1694 sequentium

219 1761 323 1803 (153).
349 1761 437 1793 Loco
447 1769 490 1798 m,
502 1759 726 1791 substituantur
736 1757 857 1790 numeri
872 1761 897 1793 l,
912 1761 925 1788 1
945 1763 988 1807 4
1006 1759 1043 1809 ὲ,

220 1831 236 1858 1
256 1816 511 1869 ÷}‚1†215‚1
531 1814 782 1865 †},1-}-{‚1
803 1812 927 1864 43⁵1
946 1811 1044 1863 4}

221 1896 236 1923 1
266 1887 309 1930 4
330 1881 365 1933 ἓ,
381 1893 395 1921 1
419 1884 460 1926 ..Ι-
481 1878 519 1930 g,
533 1877 599 1914 &c.,
610 1876 668 1908 erit
685 1876 715 1908 A
734 1877 770 1913 C,
787 1875 956 1908 successive
969 1880 1008 1907 ut

220 1942 247 1973 c
257 1941 321 1978 132,
332 1940 358 1971 c
371 1930 473 1990 Ε-ἣό-ὄ,
487 1940 512 1972 c
522 1940 553 1971 E
574 1932 660 1993 131-,0
678 1944 707 1974 E
722 1930 748 1983 ἓ
761 1943 826 1979 ac„
840 1949 871 1974 et
884 1943 1048 1977 habebitur

216 1997 308 2028 series
335 1995 456 2026 infinita
490 1994 678 2035 angulorum
706 1992 874 2029 contactas,
911 2004 1045 2034 quorum

215 2039 344 2080 quilibet
357 2037 506 2077 posterior
519 2043 565 2067 est
578 2036 698 2068 infinite
708 2037 810 2067 minor
823 2036 923 2075 priore
940 2037 1041 2077 (155),

213 2088 246 2113 et
269 2081 349 2112 inter
372 2080 461 2111 binos
474 2080 598 2120 quosvis
621 2079 753 2120 angulos
766 2079 861 2121 hujus
882 2078 1044 2110 alteriusve

212 2124 300 2155 seriei
313 2123 405 2154 inseri
425 2128 525 2162 potest
546 2122 637 2153 series
651 2132 731 2153 nova
746 2121 934 2162 angulorum
948 2122 1043 2152 inter-

212 2166 387 2197 mediorum
401 2167 440 2196 ab
460 2165 592 2195 invicem
613 2164 742 2195 infinitis
762 2162 929 2194 intervallis
939 2163 1043 2195 differ-

213 2209 349 2246 entium;
371 2213 409 2239 ut
433 2208 517 2238 enim
545 2218 581 2238 ea
595 2207 686 2238 series
714 2206 898 2242 inveniatur,
928 2207 1042 2238 sufficit

212 2251 289 2283 inter
303 2251 382 2281 duos
392 2260 537 2281 numeros
547 2249 643 2286 datos,
652 2260 681 2280 v.
700 2250 741 2281 G.
754 2253 779 2285 1,
796 2253 810 2280 l
823 2250 866 2292 -Ι-
882 2251 918 2302 315,
931 2249 1042 2280 seriem

212 2304 349 2334 invenire
373 2314 575 2334 numeromm
597 2303 808 2340 crescentium,
844 2302 892 2332 vel
922 2303 1040 2334 decres-

211 2346 360 2384 centium,
375 2356 508 2387 quorum
518 2345 646 2387 quilibet
659 2346 757 2387 major
770 2346 809 2376 sit
823 2345 919 2376 altero
933 2356 969 2376 ex
981 2356 1041 2377 nu-

211 2389 303 2419 meris
317 2389 406 2427 datis,
423 2389 524 2419 minor
538 2388 642 2422 altero,
658 2388 743 2429 quod
757 2387 938 2419 facillimum
955 2395 1010 2419 est.

256 2431 294 2473 (l)
321 2434 389 2463 135.
418 2431 459 2462 Id
473 2431 614 2470 exemplo
622 2431 706 2462 facili
720 2431 872 2461 illustrare
886 2431 958 2461 satis
972 2431 1038 2462 erit.

215 2473 390 2513 Pyramidis
404 2480 435 2504 et
449 2474 518 2504 coni
533 2474 574 2504 sit
586 2473 670 2504 idem
683 2480 787 2504 vertex
806 2473 974 2514 eademque
995 2473 1039 2504 al-

212 2516 323 2552 titudo,
340 2522 371 2547 et
384 2513 465 2547 basis
480 2516 647 2556 pyramidis
656 2516 694 2546 sit
708 2516 900 2556 polygonum
910 2515 1038 2554 inscrip-

212 2564 281 2588 tum
296 2558 411 2589 circulo
420 2559 474 2599 qui
489 2559 568 2590 basis
583 2565 628 2589 est
641 2559 718 2593 coni,
735 2568 884 2588 numems
906 2558 1038 2589 laterum

211 2600 358 2642 polygoni
370 2607 528 2642 augeatur,
542 2606 573 2631 et
587 2611 695 2631 eorum
709 2600 873 2639 longitudo
881 2600 1040 2630 minuatur

211 2643 245 2672 in
256 2643 423 2679 infinitum,
440 2649 471 2674 et
480 2643 631 2684 'polygoni
652 2652 687 2673 ac
710 2642 816 2673 circuli
841 2642 951 2672 ultima
965 2642 1042 2672 ratio

214 2685 320 2726 (Lem.
345 2686 394 2726 7.)
416 2686 474 2716 erit
486 2686 565 2716 ratio
579 2684 768 2725 aequalitatis‚
794 2693 829 2714 ac
842 2682 971 2723 proinde
993 2684 1042 2714 ul-

211 2727 288 2757 tima
301 2728 378 2759 ratio
392 2728 559 2768 pyramidis
572 2727 717 2768 illiusque
732 2726 903 2765 superficiei
928 2725 969 2756 ad
987 2736 1039 2756 co-

212 2778 290 2799 num
304 2776 335 2800 et
355 2770 439 2801 illius
463 2770 656 2810 superficiem
677 2778 811 2804 curvam,
837 2768 895 2798 erit
916 2778 1039 2808 quoque

213 2811 291 2841 ratio
311 2813 512 2853 oequalitatis3
542 2811 627 2843 unde
651 2803 745 2842 curva
769 2810 943 2850 superficies
968 2810 1038 2840 coni

213 2853 340 2892 aequalis
354 2861 399 2885 est
413 2865 542 2886 summae
556 2855 675 2885 ultimae
686 2853 912 2894 triangulorum
927 2863 1039 2883 evane-

200 2895 373 2936 scentium,
398 2907 531 2937 quorum
551 2896 725 2928 communis
749 2901 852 2926 vertex
868 2903 913 2925 est
937 2901 1040 2925 vertex

213 2937 292 2973 coni,
307 2938 395 2968 bases
405 2940 478 2969 vero
487 2939 582 2971 latera
596 2937 805 2971 evanescentia
818 2937 965 2978 polygoni
983 2936 1041 2968 cir-

192 3012 193 3016 ,
211 2978 285 3010 culo
295 2979 440 3018 inscripti.

257 3020 317 3063 (¹¹¹)
344 3025 412 3053 136.
437 3022 544 3058 Quam
558 3035 687 3066 magnos
711 3032 891 3064 progressus
909 3022 1042 3053 Geome-

213 3060 272 3093 ffiss
286 3062 400 3099 fecerit,
417 3064 490 3095 hine
505 3076 688 3107 cognoscere
702 3067 783 3097 licet.
819 3065 947 3096 Veteres
959 3065 1042 3095 Geo-

214 3110 320 3137 metrae
340 3106 373 3137 in
388 3106 425 3138 iis
439 3109 657 3148 quaestionibus
672 3120 741 3152 quae
755 3109 882 3152 Infinita·
904 3107 1042 3139 conside-

1086 1755 1237 1786 rationem
1250 1753 1420 1789 involvunt,
1436 1762 1507 1784 suas
1521 1751 1795 1784 demonstrationes
1807 1753 1846 1784 ad
1861 1754 1916 1785 ab·

1087 1797 1218 1828 surdum
1231 1797 1422 1833 revocabant,
1445 1801 1476 1826 et
1492 1805 1530 1825 ex
1549 1795 1634 1825 falsis
1654 1796 1916 1835 suppositionibus

1088 1849 1196 1870 verum
1207 1839 1363 1869 eruebant.
1412 1838 1458 1869 Ut
1471 1837 1552 1868 inter
1563 1837 1639 1868 duas
1648 1838 1834 1877 quantitates
1845 1848 1916 1879 quae

1087 1881 1127 1913 ad
1152 1881 1360 1921 aequalitatem
1385 1886 1560 1911 constanter
1581 1886 1724 1921 vergunt,
1741 1886 1772 1910 et
1789 1880 1916 1911 tandem

1086 1924 1213 1964 propius
1226 1923 1267 1954 ad
1280 1923 1411 1953 invicem
1421 1922 1572 1953 accedunt
1585 1922 1679 1963 quam
1687 1932 1745 1961 pro
1755 1921 1826 1953 data
1836 1921 1915 1963 qua-

1085 1966 1131 1997 vis
1155 1965 1328 1996 differentia
1350 1965 1500 1995 rationem
1522 1964 1704 2005 aequalitatis
1728 1964 1918 1996 intercedere

1086 2005 1337 2044 demonstrarent,
1352 2006 1438 2047 prius
1446 2008 1660 2046 supponebant
1667 2006 1748 2038 inter
1757 2017 1808 2037 eas
1816 2017 1916 2048 quan-

1085 2051 1187 2082 titates
1201 2060 1265 2081 esse
1275 2050 1324 2080 vel
1337 2048 1462 2091 majoris
1475 2049 1525 2079 vel
1546 2048 1676 2079 minoris
1697 2049 1917 2090 inaequalitatis

1085 2093 1245 2129 rationem,
1262 2091 1373 2123 deinde
1398 2098 1568 2133 utrumque
1590 2090 1706 2122 falsum
1725 2091 1917 2124 demonstra-

1085 2137 1168 2171 bant,
1185 2141 1216 2166 et
1230 2145 1268 2165 ex
1292 2134 1350 2165 hac
1364 2134 1542 2165 reductione
1564 2143 1658 2174 quam
1681 2132 1721 2164 ad
1745 2134 1916 2170 absurdum

1085 2183 1203 2214 vocant,
1229 2177 1310 2207 inter
1324 2176 1392 2207 illas
1405 2176 1591 2216 quantitates
1603 2175 1771 2218 perfectam
1785 2176 1915 2218 oequali-

1084 2226 1179 2250 tatem
1202 2230 1266 2250 esse
1289 2218 1523 2250 concludebant.
1583 2217 1688 2254 Quam
1710 2225 1817 2250 autem
1845 2229 1901 2259 pm·

1083 2262 1193 2302 plexus
1207 2262 1246 2292 sit
1259 2267 1291 2292 et
1304 2261 1448 2292 taediosus
1470 2261 1522 2291 hic
1540 2260 1770 2291 demonstrandi
1791 2261 1914 2298 modus,

1084 2315 1177 2335 nemo
1191 2314 1253 2335 non
1269 2303 1361 2334 videt.
1407 2302 1526 2333 Verum
1537 2303 1609 2333 licet
1617 2302 1796 2342 imperfecta
1807 2303 1916 2334 admo-

1085 2346 1161 2378 dum
1183 2346 1277 2377 fuerit
1299 2352 1438 2376 veterum
1454 2345 1640 2380 Geometria‚
1666 2354 1730 2375 non
1753 2345 1791 2376 iis
1809 2351 1915 2376 tamen

1085 2388 1212 2420 omnin&
1239 2389 1346 2430 ignota
1369 2388 1498 2418 fuerunt
1517 2386 1654 2417 methodi
1678 2387 1917 2429 infinitesimalis

1085 2431 1244 2471 principia.
1291 2429 1491 2466 Quantitates
1515 2428 1636 2460 infinite
1650 2439 1758 2468 parvas
1772 2440 1827 2460 seu
1842 2439 1915 2461 eva·-

1082 2479 1239 2504 nescentes
1252 2482 1308 2512 pro
1322 2471 1419 2502 nihilo
1432 2471 1587 2502 habendas
1602 2481 1667 2502 esse
1686 2471 1719 2501 in
1734 2471 1843 2502 multis
1857 2471 1913 2502 de-

1081 2515 1352 2546 monstrationibus
1364 2519 1512 2555 tanquam
1527 2514 1650 2544 axioma
1663 2520 1834 2553 posuerunt
1843 2514 1914 2545 Eu-

1081 2558 1210 2588 clideset
1218 2556 1430 2594 Archimedes;
1441 2556 1473 2586 in
1482 2556 1658 2595 exemplum
1670 2556 1833 2588 afferemus
1841 2556 1913 2586 uni-

1083 2610 1155 2630 cum
1170 2599 1304 2640 vulgaris
1317 2598 1501 2629 Geometriae
1511 2599 1676 2629 theorema.
1725 2599 1771 2629 Ut
1782 2597 1899 2629 demon

1085 2647 1214 2672 strarent
1228 2641 1358 2671 circulos
1373 2651 1436 2671 esse
1450 2641 1530 2671 inter
1544 2651 1576 2671 se
1586 2647 1622 2671 ut
1631 2639 1779 2680 quadrata
1794 2639 1913 2671 diame-

1084 2690 1212 2721 trorum,
1220 2683 1378 2724 fingebant
1386 2683 1423 2713 iis
1433 2683 1552 2714 circulis
1564 2682 1710 2722 inscripta
1720 2693 1784 2712 esse
1795 2682 1843 2713 vel
1855 2682 1914 2713 cir-

1084 2727 1269 2765 cumscripta
1282 2726 1437 2766 polygona
1451 2725 1563 2755 similia
1576 2734 1709 2765 quorum
1732 2723 1830 2755 latera
1852 2735 1913 2755 nu-

1081 2778 1167 2798 mero
1181 2774 1370 2809 augerentur
1383 2774 1414 2798 et
1428 2767 1622 2807 longitudine
1646 2766 1865 2798 minuerentur
1878 2767 1913 2798 in

1081 2810 1249 2846 infinitum,
1275 2810 1318 2840 ita
1336 2816 1372 2841 ut
1385 2809 1612 2850 polygonorum
1626 2809 1844 2848 inscriptorum
1863 2809 1914 2839 vel

1081 2853 1381 2891 circumscriptorum
1395 2862 1414 2882 a
1427 2851 1543 2882 circulo
1554 2850 1726 2881 differentia
1743 2851 1822 2882 soret
1835 2850 1912 2892 qui-

1082 2895 1129 2925 vis
1143 2894 1214 2925 dati
1229 2893 1446 2935 magnitudine
1455 2893 1576 2931 minor;
1599 2893 1674 2934 quia
1687 2892 1761 2923 νει-ὂ
1775 2894 1842 2924 haec
1857 2903 1912 2932 po-

1083 2936 1198 2978 lygona
1211 2943 1284 2967 sunt
1294 2943 1331 2966 ut
1341 2935 1488 2976 quadrata
1497 2935 1715 2966 diametrorum
1724 2935 1911 2966 circulorum

1086 2978 1418 3020 quibusinscribuntur
1431 2977 1480 3008 vel
1495 2978 1796 3014 circumscribuntur,
1812 2977 1911 3008 circu-

1085 3021 1133 3052 los
1145 3021 1258 3061 pariter
1270 3031 1335 3050 esse
1349 3026 1385 3050 ut
1399 3019 1547 3060 quadrata
1557 3019 1776 3050 diametrorum
1785 3019 1912 3051 conclu-

1085 3063 1207 3094 debant.
1269 3062 1381 3093 Varios
1404 3061 1598 3092 infinitorum
1620 3062 1744 3093 ordines
1765 3061 1913 3102 supponit

1084 3105 1165 3137 illud
1178 3105 1262 3137 idem
1276 3105 1440 3143 theorema,
1457 3103 1529 3136 licet
1543 3115 1608 3136 nou
1622 3104 1813 3137 adverterent
1827 3109 1913 3136 vete-
