2158 3562
603 527 986 595 EDITORIS
1014 525 1444 579 PRAEFATIO

1003 707 1042 730 Π(

434 853 1011 921 ΕΠΙΤΙΟΝΕΜ
1042 854 1615 959 SECUNDAM.
1689 840 1691 843 ⁵

913 1051 1136 1066 m

162 1197 524 1260 NEWTONIANAE
538 1209 822 1266 Philosophiae
841 1223 995 1251 novam
1010 1209 1100 1260 tibi,
1131 1208 1264 1250 lector
1293 1208 1512 1260 benevole,
1544 1208 1701 1266 diuque
1730 1208 1894 1252 deside-

161 1294 295 1328 ratam
318 1275 558 1335 editionem,
578 1281 807 1339 plurimum
826 1297 940 1323 nunc
960 1280 1224 1323 emendatam
1244 1287 1369 1336 atque
1385 1279 1613 1321 auctiorem
1633 1280 1893 1323 exhibemus.

163 1359 276 1409 Quae
294 1356 561 1414 potissimum
583 1354 875 1396 contineantur
893 1353 938 1393 in
957 1352 1039 1393 hoc
1059 1366 1187 1406 opere
1207 1350 1493 1401 celeberrimo,
1524 1351 1758 1409 intelligere
1775 1360 1896 1408 potes

161 1445 217 1472 ex
234 1428 443 1470 indicibus
464 1426 659 1482 adjectis:
692 1440 787 1481 quae
814 1423 881 1465 vel
901 1422 1111 1464 addantur
1130 1421 1197 1463 vel
1225 1421 1512 1473 immutentur,
1534 1422 1628 1477 ipsa
1647 1430 1689 1464 te
1708 1422 1796 1465 fere
1819 1424 1896 1466 do-

163 1500 273 1542 cebit
307 1497 488 1540 auctoris
514 1496 719 1552 praefatio.
781 1494 1010 1551 Reliquum
1044 1500 1121 1543 est,
1154 1500 1202 1534 ut
1227 1492 1476 1549 adjiciantur
1501 1493 1706 1536 nonnulla
1724 1494 1779 1537 de
1806 1510 1895 1538 me—

160 1571 294 1613 thodo
312 1570 436 1626 hujus
455 1566 748 1624 philosophiae.

221 1642 310 1693 Qui
342 1639 561 1697 physicam
595 1637 858 1680 tractandam
898 1644 1184 1692 susceperunt,
1217 1636 1272 1678 ad
1301 1644 1387 1679 tres
1421 1636 1509 1679 fere
1529 1637 1682 1680 classes
1707 1638 1896 1682 revocari

161 1721 350 1771 possunt.
410 1711 655 1754 Extiterunt
673 1709 799 1760 enim,
841 1708 913 1765 qui
933 1708 1108 1766 singulis
1141 1723 1283 1750 rerum
1310 1709 1532 1764 speciebus
1553 1710 1772 1767 qualitates
1799 1726 1894 1767 spe-

160 1785 300 1827 cificas
339 1790 382 1825 et
415 1781 599 1824 occultas
638 1779 863 1822 tribuerint
875 1795 889 1830 3
920 1794 975 1821 ex
1010 1779 1161 1836 quibus
1191 1779 1344 1821 deinde
1374 1794 1599 1836 corporum
1633 1781 1895 1840 singulorum

160 1855 437 1913 operationes,
467 1851 612 1911 ignota
647 1851 829 1909 quadam
866 1851 1042 1903 ratione,
1073 1851 1260 1907 pendere
1279 1851 1516 1894 voluerunt.
1577 1852 1631 1895 In
1656 1852 1738 1894 hoc
1756 1854 1893 1910 posita

150 1935 227 1983 *est
246 1938 410 1968 summa
429 1924 634 1966 doctrinae
669 1922 941 1974 scholasticae,
973 1923 1028 1965 ab
1049 1922 1279 1965 Aristotele
1299 1931 1341 1965 et
1362 1923 1649 1980 Peripateticis
1669 1924 1890 1969 derivatae:

162 1999 388 2042 Affirmant
400 1997 553 2054 ¹utique
574 1995 764 2054 singulos
779 1994 950 2038 effectus
970 2009 1025 2037 ex
1045 2009 1269 2051 corporum
1290 1994 1567 2052 singularibus
1587 1996 1746 2038 naturis
1766 1997 1867 2039 oriri
1877 2012 1890 2047 ς

130 2119 133 2123 ,
160 2079 204 2112 at
221 2070 335 2112 unde
355 2069 439 2111 sint
466 2068 552 2110 illae
571 2075 737 2110 naturae
759 2082 847 2109 non
862 2067 1041 2117 docent3
1071 2067 1177 2108 nihil
1215 2067 1356 2124 itaque
1375 2067 1540 2110 docent.
1602 2069 1795 2126 Cumque
1813 2070 1892 2112 toti

160 2143 245 2185 sint
262 2142 306 2183 in
320 2156 462 2183 rerum
491 2140 745 2192 nominibus,
775 2155 863 2182 non
886 2140 931 2181 in
950 2139 1052 2195 ipsis
1073 2140 1224 2190 rebus;
1255 2154 1491 2182 sermonem
1512 2139 1722 2198 quendam
1750 2140 1889 2197 philo-

159 2213 380 2270 sophicum
411 2211 607 2253 censendi
637 2219 736 2254 sunt
767 2211 1043 2264 adinvenisse,
1073 2211 1382 2268 philosophiam
1414 2213 1636 2256 tradidisse
1669 2228 1757 2255 non
1791 2221 1889 2256 sunt

159 2284 371 2328 censendi.

217 2356 307 2399 Alii
325 2369 428 2412 ergo
446 2354 631 2396 melioris
651 2354 879 2411 diligentiae
897 2354 1066 2397 laudem
1085 2356 1284 2413 consequi
1299 2364 1520 2413 sperarunt
1532 2351 1686 2413 rejecta
1704 2356 1885 2400 vocabu-

158 2429 297 2471 lorum
315 2425 453 2468 inutili
471 2425 693 2483 farragine.
755 2427 999 2469 statuerunt
1026 2428 1167 2484 itaque
1190 2429 1408 2471 materiam
1426 2429 1665 2470 universam
1683 2428 1885 2487 homoge-

158 2514 283 2542 neam
302 2513 406 2550 esse,
437 2511 607 2540 omnem
624 2495 726 2539 vero
737 2496 966 2539 formarum
980 2498 1233 2550 varietatem,
1255 2514 1350 2555 quae
1369 2499 1414 2540 in
1428 2499 1673 2554 corporibus
1685 2500 1882 2552 cernitur,

160 2588 216 2615 ex
253 2571 556 2628 particulamm
588 2570 929 2626 componentium
968 2571 1279 2627 simplicissimis
1315 2571 1563 2627 quibusdam
1592 2579 1634 2613 et
1670 2571 1884 2614 intellectu

158 2642 365 2686 facillimis
399 2641 685 2692 affectionibus
719 2641 831 2682 oriri.
892 2641 951 2684 Et
982 2641 1095 2683 recte
1131 2642 1299 2699 quidem
1330 2642 1570 2700 progressio
1598 2642 1826 2685 instituitur
1858 2659 1884 2685 a

161 2713 486 2770 simplicioribus
507 2712 562 2754 ad
594 2712 728 2770 magis
748 2713 991 2769 composita,
1023 2713 1059 2755 si
1083 2713 1381 2769 particularum
1398 2713 1606 2769 primariis
1639 2713 1721 2756 illis
1759 2714 1883 2757 affec-

158 2785 342 2827 tionibus
361 2798 449 2826 non
467 2784 569 2825 alios
598 2784 788 2826 tribuunt
819 2784 982 2836 modos,
1014 2799 1139 2841 quam
1159 2800 1263 2841 quos
1292 2785 1385 2840 ipsa
1403 2784 1548 2826 tribuit
1575 2791 1736 2826 natura.
1797 2785 1883 2827 Ve-

159 2856 256 2899 rum
275 2857 350 2898 ubi
378 2855 588 2898 licentiam
614 2855 694 2897 sibi
711 2864 941 2907 assumunt,
971 2856 1156 2912 ponendi
1184 2871 1451 2913 quascunque
1484 2855 1587 2898 libet
1604 2856 1768 2914 ignotas
1786 2871 1883 2912 par-

160 2928 266 2968 tium
279 2927 435 2984 figuras
456 2933 498 2968 et
512 2926 834 2984 magnitudines,
865 2927 1129 2984 incertosque
1145 2927 1246 2969 situs
1262 2935 1304 2969 et
1321 2934 1486 2978 motus;
1515 2927 1618 2984 quin
1638 2936 1681 2970 et
1693 2928 1882 2987 fingendi

159 2998 288 3040 fluida
307 2998 500 3054 quaedam
528 2998 704 3049 occulta,
735 3013 831 3055 quae
851 3013 1074 3054 corporum
1093 3014 1220 3054 poros
1250 2997 1459 3040 liberrime
1487 3007 1717 3055 permeent,
1748 3001 1881 3042 omni-
