2086 3542
212 264 295 303 224

209 371 369 403 anoznaliae
389 370 499 401 mediae
528 375 558 400 et
587 369 621 400 in
649 369 758 408 primo,
785 368 927 409 negativa
947 369 982 399 fit
1006 368 1039 398 in

209 414 344 445 seeundo
378 413 556 453 quadrante,
593 411 722 451 positiva
753 411 788 441 in
816 411 915 447 tertio,
942 421 1038 452 nega-

209 459 272 488 tiva
286 456 397 487 iterum
412 455 446 485 in
459 461 576 495 quarto.

255 498 382 530 Etenim
396 497 430 527 in
446 502 494 529 90.
518 497 617 538 gradu
638 494 798 528 anomaliae
818 494 928 525 mediae
945 494 975 525 Ο
1001 495 1039 525 Μ

212 540 356 573 coincidit
381 549 453 570 cum
482 539 511 570 O
539 539 574 569 H
601 549 638 569 ex
668 537 903 572 constructione,
937 537 1040 576 sicque

210 584 291 615 linea
309 583 327 613 f
339 583 385 621 H,
406 592 469 612 non
491 581 623 620 amplius
645 585 725 610 secat
748 579 861 608 lineam
886 579 915 608 Ο
944 579 980 608 Μ
1007 578 1041 608 ἰη

212 626 253 662 Ε,
270 624 421 656 evanescit
433 624 535 664 itaque
558 624 597 654 M
624 623 654 653 Ε
680 621 764 652 sinus
788 621 896 659 primae
920 620 1039 660 AEqua-

211 668 325 700 tionis..

253 709 393 741 Excedat
415 707 488 740 verb
511 705 785 739 anomaliafmedia
815 708 865 736 90.
890 703 958 735 fiat-

207 762 269 793 que
283 751 342 782 alia
356 751 456 792 figura
470 750 640 781 secundum
662 746 917 779 constructionem
939 757 958 776 a

209 794 296 826 nobis
310 794 484 830 indicatam,
501 793 540 823 sit
553 792 639 822 locus
652 800 741 820 verus
762 789 892 828 planetae
917 788 954 824 P,

207 836 394 868 describatur
408 835 541 866 circulus
569 834 597 864 Β
627 834 660 869 Ω
685 832 717 862 N
742 834 782 866 A,
808 831 842 860 in
866 840 956 870 mag-

207 889 287 909 num
309 888 400 908 axem
427 878 456 908 B
486 877 528 913 A,
544 875 642 916 sitque
656 875 684 905 P
702 874 733 904 R
754 872 955 912 perpendicu-

204 921 277 952 laris
301 931 320 951 a
345 919 414 950 loco
435 919 566 958 planetae
590 918 624 947 in
648 926 737 947 axem
761 915 863 951 ducta,
885 925 955 955 quae

204 962 355 1002 producta
374 967 456 992 secet
479 959 630 991 circulum
658 960 686 990 B
716 959 750 994 Q
763 958 796 988 N
815 958 844 987 A
859 957 893 987 in
911 957 952 992 Q,

203 1005 336 1036 ducatur
360 1004 393 1039 Q
418 1003 459 1040 O,
480 1003 515 1032 in
538 1012 632 1041 quam
653 1011 692 1031 ex
714 999 836 1036 soles,
861 998 954 1029 duca-

205 1053 258 1078 tur
270 1045 524 1086 perpendiculum
542 1045 563 1074 S
581 1044 615 1080 F,
632 1043 683 1074 cui
705 1041 830 1082 aequalis
851 1051 953 1079 suma-

204 1095 257 1119 tur
278 1098 365 1119 arcus
393 1088 427 1123 Q
455 1087 498 1123 N,
532 1086 590 1116 erit
621 1086 650 1115 N
685 1085 715 1115 O
748 1085 776 1114 B
802 1082 954 1113 anomalia

205 1131 316 1167 media,
349 1130 480 1160 ducatur
504 1128 537 1158 in
559 1127 673 1157 lineam
703 1125 733 1157 O
762 1126 794 1156 N
824 1135 953 1164 perpen-

202 1172 347 1203 dicularis
374 1172 404 1202 Ο
432 1170 470 1201 Μ
485 1180 555 1210 quae
575 1169 755 1200 terminetur
779 1168 813 1196 in
839 1167 878 1196 M
901 1176 955 1205 per

203 1214 457 1254 perpendiculum
489 1223 507 1242 a
530 1212 599 1242 foco
631 1211 726 1241 altero
754 1210 789 1240 H
813 1209 951 1242 ductum,

205 1257 262 1287 erit
285 1266 358 1296 ergo
386 1256 422 1285 M
450 1255 487 1285 H
509 1253 654 1293 parallela
671 1253 701 1283 O
719 1253 752 1282 N
767 1257 798 1281 et
814 1252 850 1281 M
869 1251 904 1281 H
922 1251 952 1280 B

203 1299 329 1339 aequalis
363 1296 538 1332 anomaliae,
559 1295 679 1332 mediae,
712 1304 750 1324 ex
791 1293 825 1323 H
859 1292 953 1323 duca-

202 1347 254 1372 tur
277 1341 317 1372 ad
344 1340 505 1370 Planetam
527 1338 609 1369 linea
625 1338 660 1368 H
678 1337 716 1374 P,
738 1335 796 1366 erit
809 1345 883 1376 ergo
897 1345 953 1365 an·

201 1383 296 1423 gulus
322 1383 361 1414 M
387 1382 423 1413 H
452 1382 480 1412 P
502 1381 636 1421 angulus
658 1378 819 1410 anomaliae
843 1377 954 1408 mediae

202 1425 361 1456 addendus
375 1430 411 1465 ut
433 1423 558 1464 prodeat
582 1428 685 1452 motus
709 1420 829 1451 medius
850 1429 952 1459 aequa-

204 1473 253 1498 tus
279 1468 308 1498 P
334 1467 370 1498 H
396 1467 435 1501 B,
462 1466 516 1496 fiat
543 1465 637 1495 etiam
660 1473 751 1502 super
782 1462 812 1493 O
841 1462 876 1492 Η
898 1461 953 1492 tri-

201 1509 354 1550 angulum
371 1509 400 1540 O
422 1509 440 1539 f
459 1509 494 1538 H
521 1507 618 1538 simile
633 1504 793 1546 etaequale
814 1504 952 1544 triangu-

201 1550 234 1581 lo
262 1553 283 1582 S
307 1551 334 1582 F
357 1551 398 1587 Ο,
422 1557 452 1581 et
465 1550 652 1589 producatur
669 1549 704 1579 H
726 1548 745 1578 f
761 1548 858 1578 donec
872 1552 953 1576 secet

202 1593 237 1623 in
263 1594 293 1624 E
317 1593 431 1623 lineam
458 1593 488 1622 0
514 1592 551 1622 M
575 1591 775 1630 productam3
810 1590 953 1620 Ducatur

202 1645 241 1666 ex
258 1636 291 1672 Q
310 1635 351 1666 ad
366 1636 395 1666 T
407 1635 490 1668 linea
507 1635 541 1671 Q
555 1634 593 1672 T,
609 1633 753 1674 parallela
766 1632 856 1663 lineae
872 1632 904 1663 N
921 1630 952 1662 Ο

203 2268 333 2307 ideoque
357 2265 451 2296 etiam
480 2264 626 2304 parallela
658 2264 749 2294 linem
773 2264 812 2294 M
841 2263 886 2301 H,
913 2267 944 2294 et
976 2264 1033 2294 erit

205 2311 235 2341 0
254 2311 282 2340 T
297 2309 422 2349 aequalis
440 2308 474 2343 Q
490 2308 519 2337 G
541 2307 624 2337 sinui
639 2317 727 2336 arcus
745 2307 778 2343 Q
798 2307 840 2337 N.
874 2306 1032 2337 .Ducatur

203 2352 297 2382 etiam
311 2351 392 2381 anea
409 2350 437 2380 P
453 2350 491 2380 M
507 2359 577 2389 quae
592 2348 739 2388 producta
753 2349 867 2379 secabit
880 2348 914 2378 in
942 2349 968 2379 C
993 2349 1031 2379 li-

202 2404 293 2424 neam
310 2394 344 2428 Q
358 2393 387 2423 T
402 2392 584 2431 productam
599 2397 629 2422 et
643 2391 777 2431 angulus
794 2392 819 2422 C
835 2391 893 2421 erit
907 2391 1032 2431 aequalis

202 2436 319 2476 angulo
335 2435 371 2465 H
388 2435 427 2465 M
445 2435 481 2470 C,
497 2433 550 2474 qui
565 2434 621 2463 erit
637 2433 761 2473 aequalis
784 2433 907 2473 angulis
933 2434 972 2463 M
996 2433 1032 2463 H

205 2478 233 2508 P
248 2484 278 2508 et
295 2478 332 2508 M
351 2478 378 2507 P
394 2477 430 2507 H
455 2479 523 2517 (per
535 2479 588 2506 32.
611 2475 674 2506 1¹³1.
691 2475 812 2515 Elem.)
829 2475 882 2505 sed
903 2477 943 2506 ob
968 2475 1031 2505 exi-

203 2520 352 2560 guitatem
367 2519 457 2548 lineae
475 2518 512 2548 M
537 2518 572 2548 H
594 2524 735 2556 respectu
763 2517 801 2547 M
820 2518 855 2551 P,
881 2518 1034 2548 omittitur

203 2562 337 2602 angulus
354 2562 391 2591 M
410 2561 437 2591 P
455 2561 500 2597 H,
517 2566 548 2590 et
561 2561 695 2600 angulus
722 2559 755 2590 H
772 2560 810 2590 M
830 2560 865 2596 C,
892 2559 953 2590 sive
978 2570 1033 2590 an-

203 2606 296 2644 gulus
315 2604 349 2638 C,
366 2613 422 2642 pro
437 2602 552 2642 angulo
568 2603 605 2633 M
624 2602 659 2632 H
685 2602 712 2632 P
738 2602 909 2641 aequatione
931 2608 1032 2632 motus

205 2645 298 2675 medii
312 2645 497 2682 assumitur-3
524 2644 670 2684 Denique
685 2654 722 2673 ex
739 2643 768 2674 Ε
784 2653 839 2682 per
856 2644 889 2679 Q
902 2643 1033 2673 ducatur

203 2687 286 2717 linea
301 2688 330 2718 E
350 2688 382 2723 Q
399 2687 432 2717 K
446 2696 516 2726 quae
530 2686 643 2716 lineam
660 2686 688 2716 P
705 2686 742 2716 M
761 2687 787 2717 C
810 2685 922 2716 secabit
941 2685 974 2715 in
998 2685 1032 2715 K

205 2730 263 2759 erit
283 2730 417 2770 angulus
434 2729 463 2759 E
485 2728 517 2763 Q
532 2728 562 2759 T
587 2728 711 2768 aequalis
733 2728 856 2768 angulis
882 2727 914 2757 K
930 2733 959 2757 et
977 2728 1003 2758 C
1020 2740 1027 2758 :

207 2772 276 2811 (per
289 2775 339 2801 52.
368 2772 394 2801 Ι.
411 2770 531 2810 Elem.)
555 2780 628 2811 ergo
653 2771 679 2800 si
702 2781 739 2800 ex
765 2769 881 2810 angulo
908 2769 938 2799 E
957 2770 990 2806 Q
1005 2770 1033 2800 T

205 2814 399 2843 subtrahatur
423 2812 557 2852 angulus
585 2811 619 2843 K
638 2812 809 2843 remanebit
833 2811 966 2851 angulus
995 2813 1028 2849 C,

205 2853 267 2884 nive
283 2855 413 2894 aequatio
433 2855 570 2895 quaesita,
594 2860 639 2885 est
659 2864 731 2884 vero
753 2853 885 2894 angulus
910 2853 938 2883 Ε
958 2854 990 2888 Q
1005 2854 1033 2884 Τ

205 2897 339 2926 secunda
354 2897 485 2936 aequatio
499 2903 530 2927 et
543 2896 677 2937 angulus
694 2896 727 2927 K
742 2896 804 2926 sive
822 2895 851 2925 E
870 2895 903 2925 K
922 2896 956 2924 M
973 2895 1032 2932 pri-

196 2947 257 2972 ma,
281 2943 318 2966 ut
333 2936 428 2975 liquet
443 2947 478 2965 cx
494 2937 728 2974 constructione,
748 2945 822 2977 ergo
843 2935 876 2966 in
897 2934 1031 2966 secundo

199 2978 374 3019 quadrante
388 2978 486 3016 prima
501 2979 679 3018 aequationis
694 2989 762 3018 pars
775 2978 924 3009 substrahi
942 2977 1031 3008 debet

200 3021 265 3051 sive
283 3019 423 3061 negative
437 3020 528 3058 sumi,
544 3021 679 3052 secunda
692 3020 764 3052 verb
785 3021 911 3061 positiva
932 3029 1029 3051 rema·

203 3069 266 3094 net·

596 254 868 300 PHILOSO
877 243 1046 299 PHiAE
1078 255 1435 300 NATURALIS

1939 0 1945 3 ”
1963 0 2086 21 ”’ἔ’“””.7ἷὲ

1549 256 1694 308 [Μοτ.
1709 256 1906 306 Οοιινοιι.

1126 372 1166 402 In
1181 371 1271 402 tertio
1285 372 1454 412 quadrante
1474 371 1539 401 haec
1564 370 1672 401 eadem
1697 370 1797 411 figur-a
1820 370 1909 402 deor.

1081 424 1152 444 sum
1166 420 1357 445 convertatur
1371 415 1428 444 sub
1449 423 1506 444 axe
1531 413 1561 443 A
1580 414 1619 449 B,
1643 412 1830 453 liquebltq'ue
1853 422 1914 450 amq

1080 456 1192 496 gulum
1209 456 1247 486 M
1271 456 1307 486 H
1333 457 1361 487 B
1382 466 1437 486 seu
1461 455 1646 486 anomaliam
1670 454 1814 494 mediam,
1839 464 1910 495 quae

1081 498 1131 528 hic
1148 498 1227 529 1800
1250 497 1364 538 gradus
1388 503 1519 536 superat,
1546 497 1662 537 angulo
1688 497 1726 527 M
1745 495 1780 526 H
1798 496 1826 528 P
1847 497 1925 536 sive·

1082 540 1198 580 angulo
1215 541 1241 570 C
1256 550 1320 570 esse
1335 539 1534 569 minuendam
1549 545 1585 568 ut
1598 540 1745 569 habeatur
1758 538 1912 573 anomaliz

1083 589 1203 622 aequatn
1219 582 1247 612 P
1264 582 1299 611 H
1320 582 1357 618 B,
1374 581 1503 620 ideoque
1518 590 1589 610 cum
1605 580 1645 611 sit
1668 581 1694 611 C
1709 594 1754 610 =
1772 579 1801 611 E
1827 581 1861 616 Q
1881 578 1912 613 Τ

1082 642 1126 648 -
1139 624 1171 653 Κ
1186 623 1321 654 secunda
1335 623 1466 663 aequatio
1483 623 1511 652 E
1528 623 1562 657 Q
1575 623 1606 653 T
1619 618 1816 654 substractive
1830 621 1912 654 sumi

1083 665 1213 703 debebit,
1229 671 1260 696 et
1273 665 1375 704 prima
1390 664 1423 695 K
1437 662 1580 695 additive.

1273 1642 1276 1645 >
1331 1630 1373 1660 In
1387 1630 1498 1661 ultimo
1518 1631 1651 1672 denique
1671 1633 1840 1673 quadrante
1860 1632 1910 1664 in-

1288 1678 1424 1702 vertatur
1451 1672 1551 1713 figura
1579 1674 1686 1713 prima,
1716 1674 1843 1716 liquebit
1870 1685 1910 1706 ex

1287 1714 1442 1745 anomali&
1452 1715 1553 1746 media}
1565 1716 1582 1746 1
1596 1717 1631 1746 Η
1643 1717 1671 1746 Β
1678 1729 1691 1754 ς
1705 1727 1758 1747 seu
1772 1717 1808 1747 H
1819 1718 1858 1748 M
1869 1718 1908 1754 P,

1286 1755 1510 1786 detrahendum
1524 1767 1589 1788 esse
1609 1759 1761 1799 angulum
1782 1759 1801 1789 1
1817 1759 1854 1790 H
1868 1759 1907 1798 P,

1286 1808 1342 1828 seu
1365 1798 1401 1828 H
1428 1799 1467 1829 M
1496 1799 1533 1836 P,
1560 1799 1622 1830 sive
1646 1800 1797 1840 angulum
1820 1802 1846 1833 C
1861 1802 1910 1841 ip-

1286 1839 1910 1922 {iiuffq‘ssssfftiffiu‘sss’fflss‘uff'ssmeii

1525 1905 1534 1920 9

1285 1933 1407 1954 summa
1422 1926 1581 1966 utriusque
1602 1895 1708 1965 partisg
1718 1928 1906 1967 aequationis,

1283 1975 1396 2005 nempe
1410 1967 1518 2007 anguli
1536 1968 1579 2004 K,
1596 1974 1626 1998 et
1649 1969 1756 2009 anguli
1782 1970 1815 2000 K
1833 1971 1866 2006 Q
1881 1972 1907 2002 C

1283 2007 1348 2037 sive
1372 2009 1392 2037 Γ
1412 2009 1443 2043 Ω
1467 2009 1506 2044 Ε,
1525 2019 1599 2050 ergo
1623 2010 1657 2040 in
1678 2011 1788 2041 ultimo
1810 2012 1908 2053 quad-

1281 2057 1369 2098 rante
1394 2056 1525 2092 utraque
1550 2052 1683 2093 aequatio
1697 2050 1839 2093 negati've
1861 2065 1909 2086 as-

1281 2097 1422 2125 suuntur.

1322 2138 1395 2165 390.
1413 2135 1604 2175 Exemplum
1615 2137 1654 2168 sit
1667 2137 1700 2168 in
1709 2139 1781 2170 orbe
1797 2139 1909 2171 Marus

1214 2161 1244 2201 c
1284 2175 1314 2207 A
1333 2177 1365 2207 D
1380 2177 1422 2226 B,
1435 2177 1488 2218 qui
1499 2178 1648 2216 omnium,
1666 2180 1691 2210 si
1701 2181 1808 2211 orbem
1820 2182 1907 2212 Mer-

1275 2228 1352 2248 curu
1358 2219 1497 2259 exclpias,
1510 2227 1555 2250 est
1563 2221 1697 2252 maxime
1705 2225 1903 2255 excentricus.

1080 2259 1303 2292 Excentricitas
1320 2261 1342 2291 ὃ
1360 2261 1400 2298 O,
1417 2262 1455 2291 sit
1466 2262 1599 2301 partium
1617 2267 1686 2294 141.
1711 2270 1742 2295 et
1766 2266 1908 2297 semiaxis

1076 2303 1173 2344 major
1187 2314 1232 2330 =
1252 2306 1341 2333 1523.
1389 2307 1439 2335 69.
1465 2304 1522 2335 erit
1535 2305 1676 2336 semiaxis
1697 2307 1799 2337 minor
1824 2307 1854 2339 O
1871 2309 1905 2339 D

1077 2357 1123 2374 =
1143 2347 1232 2376 1516.
1280 2349 1330 2376 93.
1355 2345 1512 2376 semilatus
1533 2353 1651 2378 rectum
1675 2358 1730 2378 seu
1755 2349 1778 2389 ,¹2-
1806 2349 1836 2380 L
1858 2362 1904 2380 =

1078 2391 1169 2419 1510.
1219 2390 1290 2416 184.
1316 2387 1488 2418 differentia
1510 2388 1590 2418 inter
1614 2390 1779 2421 semiaxem
1805 2392 1906 2422 mino-

1075 2440 1142 2459 rem
1156 2435 1187 2460 et
1201 2429 1358 2459 semilatus
1367 2435 1485 2459 rectum
1496 2430 1523 2471 ᾗ
1540 2430 1579 2467 L,
1594 2443 1640 2460 =
1657 2436 1685 2463 6.
1705 2435 1776 2464 746.
1794 2445 1840 2462 --
1858 2435 1901 2464 D.

1080 2471 1266 2502 Differentia
1279 2471 1358 2501 inter
1372 2471 1590 2512 logarithmum
1604 2473 1682 2504 radii
1705 2480 1737 2504 et
1758 2474 1906 2516 logaritb-

1075 2523 1165 2544 mum
1178 2512 1317 2553 quadrati
1331 2513 1396 2543 axis
1413 2514 1443 2543 A
1461 2514 1500 2549 B,
1516 2524 1571 2553 per
1583 2515 1716 2560 tabulas,
1971 2524 1974 2525 ⁷

1308 2555 1502 2593 -AEt
1515 2568 1562 2585 =
1577 2563 1608 2591 3.
1625 2563 1783 2594 οσριεστ
1809 2566 1860 2595 62.

1120 2596 1200 2637 Log.
1222 2596 1253 2626 A
1282 2595 1312 2626 o
1337 2597 1379 2639 4-
1405 2599 1435 2628 0
1460 2598 1493 2627 υ
1516 2603 1607 2630 2-3.
1625 2604 1782 2632 5097621.
1807 2607 1859 2634 86.

1118 2638 1199 2679 Lug.
1276 2637 1309 2668 D
1517 2652 1564 2670 =
1578 2645 1608 2672 o.
1628 2645 1783 2675 7580391.
1808 2648 1858 2676 75.

1381 2694 1510 2725 Summa
1523 2706 1569 2723 =
1586 2697 1616 2725 7·
1632 2699 1789 2727 0999880.
1810 2701 1858 2728 73.
1899 2723 1902 2726 .

1077 2738 1201 2779 aequalis
1216 2737 1400 2779 logarithmo
1414 2734 1499 2765 sinfis
1520 2735 1626 2776 anguli
1644 2736 1682 2773 Y,
1698 2748 1753 2776 per
1773 2739 1905 2778 primam

1076 2781 1302 2820 proportIonem
1331 2776 1486 2813 Newtoni,
1516 2784 1606 2817 atque
1635 2778 1708 2809 hinc
1735 2780 1769 2810 in
1793 2782 1906 2813 tabulis

1076 2822 1247 2889 invenidetur
1262 2819 1451 2890 an2gluhffiJ]
1467 2819 1660 2850 minutorum
1681 2821 1852 2860 pn‘murum
1866 2822 1906 2862 4',

1075 2869 1166 2890 secun
1190 2869 1279 2889 orum
1336 2880 1344 2890 .

1110 2901 1294 2932 Differentia
1318 2902 1398 2931 inter
1421 2899 1640 2940 legarithmum
1657 2898 1735 2930 radii
1755 2904 1788 2930 et
1814 2898 1901 2940 logn-

1070 2943 1217 2974 ritbmum
1232 2943 1304 2975 facti
1320 2947 1341 2974 3
1359 2945 1386 2972 A
1407 2942 1437 2974 Ο
1453 2944 1480 2976 ²·

1444 2984 1501 3015 erit
1514 2998 1553 3011 =
1567 2987 1597 3015 3.
1619 2985 1773 3015 1570755.
1793 2985 1845 3014 62.

1112 3027 1192 3069 Log.
1206 3027 1278 3059 facti
1293 3031 1312 3059 2
1331 3028 1352 3059 S
1367 3022 1402 3058 H
1419 3031 1451 3064 ><
1469 3027 1501 3058 D
1513 3038 1552 3051 =
1569 3030 1599 3056 5.
1615 3029 1772 3057 5093282.
1792 3028 1842 3055 75.

1371 3079 1499 3109 Summa
1508 3092 1547 3105 =
1558 3067 1837 3110 m.
