2086 3542
247 256 301 292 80
643 241 1087 288 PHILOSOPHIAE
1119 240 1478 284 NATURALIS
1572 242 1715 302 [Mor.
1738 243 1933 287 comm„

296 359 346 414 (Β)
369 359 486 401 Idem
504 357 621 400 facile
641 357 944 400 demonstratur
963 355 1085 398 etiam
1103 369 1180 410 per
1201 354 1345 397 Corol.
1367 362 1394 398 4
1430 356 1549 399 Lem.
1574 357 1630 399 X.

296 431 422 473 Corol.
450 435 483 472 1.
516 430 560 472 Si
599 443 747 485 corpus
770 429 806 470 P
839 442 904 468 re-

236 499 439 557 volvendo
448 502 555 540 circa
570 506 755 540 centrum
786 499 815 539 S
830 497 902 538 de-

240 568 388 610 scribat
396 568 546 609 lineam
561 581 727 608 curvam
741 567 780 607 A
796 565 831 606 P
841 565 880 613 Q
888 580 900 614 3

239 644 378 694 tangat
396 635 493 677 vero
513 644 623 677 recta
645 635 679 676 Z
696 635 732 676 P
749 634 789 675 R
810 647 901 674 cur-

236 719 329 745 vam
344 704 456 746 illam
468 703 512 747 in
527 710 682 758 puncto
697 700 840 756 quovis
853 696 898 750 P,

235 781 277 814 et
292 772 344 813 ad
363 779 601 828 tangentem
623 771 674 810 ab
695 770 775 810 alio
798 783 900 824 quo-

235 841 294 881 vis
325 855 460 880 curvae
489 846 644 894 puncto
681 838 723 887 Q
754 844 899 893 agatur

235 908 277 957 Q
301 909 339 949 R
369 907 572 949 distantiae
605 907 633 948 S
657 906 691 947 P
719 905 897 960 paralle-

231 976 284 1025 la,
317 991 363 1017 ac
392 976 629 1017 demittatur
661 974 703 1022 Q
735 974 776 1014 T
803 989 898 1028 per-

231 1045 506 1100 pendicularis
555 1044 609 1086 ad
661 1044 895 1086 distantiam

229 1187 342 1228 illam
356 1188 385 1229 S
400 1187 452 1228 P:
483 1186 544 1227 vis
565 1185 790 1241 centripeta
809 1186 887 1229 erit
904 1187 1112 1244 reciproce
1132 1197 1178 1231 ut
1197 1161 1929 1277 εοῌᾶωὲΞἪΕ-Ἢὸ

229 1302 264 1343 si
282 1301 407 1342 modo
427 1299 546 1342 solidi
563 1300 672 1343 illius
693 1316 742 1343 ea
762 1316 924 1357 semper
943 1311 1128 1344 sumatur
1146 1305 1362 1359 quantitas,
1385 1320 1477 1361 quae
1491 1303 1636 1346 ultimo
1655 1304 1715 1354 fit,
1737 1303 1808 1344 ubi
1837 1304 1930 1344 coe·-

229 1380 303 1414 unt
321 1379 475 1428 puncta
496 1372 532 1413 P
551 1379 593 1413 et
614 1371 669 1421 Q.
729 1370 780 1427 (¹¹)
803 1372 913 1413 Nam
935 1373 978 1422 Q
1001 1374 1040 1414 R
1061 1373 1228 1429 aequalis
1255 1383 1316 1415 est
1335 1374 1493 1431 sagittae
1513 1374 1629 1429 dupli
1660 1388 1777 1426 arcus
1813 1372 1856 1421 Q
1878 1372 1927 1423 P,

229 1444 273 1484 in
292 1444 406 1498 cujus
438 1441 576 1484 medio
596 1450 658 1483 est
680 1441 728 1492 P,
751 1449 792 1483 et
820 1442 992 1497 duplum
1007 1443 1203 1500 trianguli
1224 1444 1254 1485 S
1277 1444 1320 1493 Q
1341 1444 1377 1486 P
1397 1444 1480 1485 sive
1503 1444 1532 1486 S
1553 1443 1590 1484 P
1622 1452 1654 1486 Χ
1687 1443 1730 1492 Q
1751 1443 1804 1492 T,
1826 1450 1930 1484 tem-

229 1514 333 1568 pori,
356 1527 438 1570 quo
458 1527 576 1554 arcus
609 1512 686 1553 iste
720 1511 869 1567 duplus
904 1513 1161 1563 describitur,
1196 1514 1504 1570 proportionale
1538 1522 1617 1564 est3
1647 1513 1822 1570 ideoque
1851 1527 1930 1568 pro

231 1584 424 1638 temporis
445 1590 676 1637 exponente
697 1582 820 1623 scribi
837 1590 985 1638 potest.
1888 1626 1896 1637 ⁸

288 1655 414 1695 Corol.
451 1659 490 1695 2.
537 1653 697 1695 Eodem
730 1661 971 1709 argumento
1001 1653 1062 1695 vis
1094 1653 1319 1709 centripeta
1353 1662 1415 1697 est
1447 1653 1656 1710 reciproce
1686 1661 1733 1695 ut
1752 1653 1929 1695 solidum

239 1723 621 1793 SYqfflPq

229 1786 416 1845 ——Q
438 1796 478 1837 R
513 1787 637 1817 ——‚
660 1766 694 1808 si
712 1764 837 1807 modo
877 1767 906 1809 S
926 1767 969 1809 Y
986 1767 1325 1823 perpendiculum
1346 1768 1398 1810 sit
1431 1767 1456 1808 a
1483 1776 1624 1810 centro
1643 1767 1791 1808 virium
1805 1767 1848 1807 in
1861 1781 1928 1807 or-

230 1865 292 1906 bis
311 1874 547 1923 tangentem
570 1865 604 1906 P
627 1867 666 1907 R
687 1866 924 1915 demissum‚
983 1867 1025 1923 (¹)
1050 1867 1161 1909 Nam
1194 1868 1434 1926 rectangula
1468 1869 1498 1911 S
1518 1868 1563 1910 Y
1593 1877 1627 1911 ><
1659 1868 1702 1917 Q
1723 1868 1758 1910 P
1778 1876 1819 1910 et
1840 1869 1870 1910 S
1892 1867 1928 1908 P

243 1944 276 1978 Χ
309 1936 351 1985 Q
373 1937 414 1978 T
433 1945 663 1992 aequantur.

287 2007 415 2048 Corol.
449 2012 486 2047 3.
519 2007 563 2048 Si
597 2007 706 2047 orbis
736 2007 801 2048 vel
840 2007 1015 2049 circulus
1050 2016 1124 2058 est,
1161 2009 1226 2050 vel
1261 2008 1459 2050 circulum
1494 2007 1752 2049 concentrice
1777 2007 1924 2064 tangit,

229 2084 300 2118 aut
337 2075 592 2117 concentrice
608 2085 730 2127 secat,
756 2077 800 2117 id
818 2085 880 2119 est
906 2078 1103 2134 angulum
1124 2086 1334 2120 contactus
1356 2087 1427 2120 aut
1446 2079 1639 2120 sectionis
1661 2092 1754 2119 cum
1775 2077 1927 2118 circulo

229 2161 352 2204 quam
390 2142 605 2189 minimum
642 2147 842 2198 continet3
879 2148 1052 2191 eandem
1090 2149 1246 2191 habens
1277 2157 1537 2192 curvaturam
1569 2148 1829 2205 eundemque
1859 2163 1926 2190 ra-

270 2336 283 2371 (
294 2333 334 2372 g)
357 2339 428 2366 208.
466 2334 557 2365 Idem
583 2332 673 2364 facile
701 2332 926 2363 demonstratur
968 2330 1060 2361 etiam
1102 2331 1198 2362 basim
1217 2332 1237 2362 S
1251 2332 1294 2370 P;
1317 2341 1390 2362 cum
1402 2330 1498 2372 igitur
1518 2329 1551 2359 in
1566 2328 1670 2360 eadem
1689 2326 1781 2358 curva
1798 2327 1828 2357 A
1841 2327 1869 2358 P
1882 2328 1924 2364 Q,

225 2387 281 2416 per
293 2377 398 2409 (ἔοι-01.
411 2381 440 2407 4.
469 2377 557 2407 Lem.
580 2375 622 2405 X.
635 2385 697 2416 quo
711 2374 853 2404 statuitur
866 2374 944 2403 vires
953 2383 1016 2403 esse
1025 2379 1061 2403 ut
1103 2385 1181 2404 areae
1196 2374 1256 2404 sint
1282 2373 1519 2414 proportionales
1539 2370 1726 2409 temporibus
1739 2370 1850 2409 quibus
1871 2370 1923 2399 de-

224 2423 328 2458 spatia,
348 2420 414 2459 ipso
430 2424 532 2449 motus
541 2417 638 2454 initio,
654 2417 802 2456 desmipta
815 2415 927 2446 directe
941 2421 972 2445 et
985 2426 1060 2455 qua-
1102 2417 1284 2453 scfibuntur,
1296 2426 1331 2446 ac
1345 2413 1472 2454 proinde
1484 2412 1697 2453 rectangulum
1712 2412 1743 2447 Q
1753 2412 1782 2441 T
1799 2416 1831 2448 χ
1853 2412 1874 2442 S
1886 2412 1923 2448 P,

224 2462 309 2492 dmm
328 2468 502 2501 temporum
519 2458 650 2491 inverse:
679 2460 761 2490 Cum
775 2458 859 2488 enim
882 2458 908 2488 F
925 2458 967 2494 D,
990 2457 1008 2487 f
1028 2457 1058 2494 d,
1102 2459 1191 2489 scribi
1205 2459 1297 2497 possit
1309 2458 1377 2488 loco
1390 2455 1534 2497 temporis
1541 2465 1603 2495 quo
1617 2454 1730 2492 duplus
1745 2463 1832 2484 arcus
1843 2454 1876 2489 Q.
1886 2453 1923 2491 Ρ,

223 2515 278 2535 seu
292 2504 408 2545 sagittae
425 2504 453 2534 P
465 2504 501 2540 C,
523 2513 544 2542 p
555 2513 582 2539 c,
604 2502 664 2532 sint
678 2501 774 2540 spatia
794 2511 832 2531 ex
853 2499 964 2530 virium
989 2509 1059 2529 cen·
1091 2511 1156 2531 &seu
1170 2501 1301 2539 duplum
1315 2498 1504 2539 triangulum
1521 2498 1542 2527 S
1555 2498 1587 2531 Q
1599 2497 1636 2533 P,
1660 2496 1846 2533 describitur,
1869 2495 1923 2526 erit

223 2547 401 2585 tripetarum
424 2546 542 2576 actione
566 2544 715 2582 descripta
741 2543 849 2573 iisdem
872 2541 1059 2580 temporibus
1120 2568 1128 2574 ,
1244 2567 1252 2574 ,
1337 2566 1345 2573 ,
1469 2565 1476 2571 .
1544 2563 1554 2574 x
1710 2539 1742 2573 Q
1756 2538 1785 2568 R
1879 2554 1886 2560 ·

224 2589 334 2628 quibus
360 2593 579 2628 percurruntur
607 2596 694 2616 arcus
722 2590 933 2615 evanescentes
960 2584 988 2614 P
1013 2583 1055 2619 D,
1099 2578 1144 2598 Ὦς
1158 2572 1323 2606 ⁶⁶an
1335 2576 1369 2596 ¹¹²
1386 2566 1423 2602 P’
1446 2565 1557 2595 duem
1571 2570 1607 2594 αι
1620 2581 1874 2627 ξιτα-χ-’ρ-’Ῡῖ
1894 2568 1931 2593 et

224 2642 244 2669 p
259 2631 289 2668 d,
311 2637 394 2670 patet
415 2640 470 2669 per
483 2629 575 2668 supra
589 2628 706 2658 dictum
720 2626 832 2657 Coroll.
851 2625 928 2655 vires
947 2625 1056 2655 centri—
1098 2660 1105 2667 ·
1200 2659 1209 2670 x
1265 2634 1286 2664 S
1298 2633 1325 2664 p
1334 2635 1348 2652 2
1364 2637 1396 2669 χ
1414 2633 1447 2668 Q
1456 2633 1485 2662 T
1495 2634 1511 2650 2

224 2678 308 2711 petas
321 2683 385 2703 esse
398 2672 477 2702 inter
497 2681 529 2701 se
550 2671 584 2701 in
602 2669 718 2700 ratione
732 2666 898 2707 composita
911 2677 948 2696 ex
959 2666 1056 2696 direc-
1095 2670 1212 2690 mverse
1220 2666 1256 2690 ut
1349 2686 1378 2718 Q
1397 2685 1427 2713 R

225 2715 256 2744 ta
266 2715 381 2746 ratione
395 2714 573 2755 sagittarum
590 2712 618 2743 P
632 2712 667 2760 Q,
686 2721 709 2751 Ρ
724 2724 754 2749 c,
767 2715 798 2741 et
821 2708 972 2758 reciproca
980 2719 1054 2748 ‘1¹¹⁰-
1138 2721 1178 2762 (¹)
1194 2727 1265 2756 210.
1297 2725 1492 2768 Rectangula
1518 2728 1540 2760 s
1556 2729 1587 2760 Y
1602 2733 1636 2766 χ
1657 2730 1690 2765 Q
1706 2721 1735 2759 Ρ
1758 2736 1789 2761 et
1806 2732 1828 2762 s
1844 2732 1873 2763 P
1889 2735 1924 2770 χ

227 2756 383 2787 dratorum
403 2763 577 2795 temporum
605 2755 715 2795 ‘imbus
736 2753 946 2783 dffifflbunmr
966 2760 1054 2781 arcus
1098 2766 1130 2802 Q
1146 2766 1184 2803 T,
1200 2775 1361 2808 sequautur
1372 2781 1382 2806 ;
1407 2779 1480 2800 nam
1501 2777 1630 2811 tangens
1653 2771 1682 2802 P
1699 2752 1742 2809 R:
1766 2783 1838 2803 cum
1853 2784 1928 2806 arcu

228 2805 436 2829 evanescentes
452 2799 480 2829 P
494 2798 536 2835 D,
557 2807 578 2837 P
589 2807 615 2836 (ὃ
644 2805 699 2826 ΒΘΗ
715 2795 751 2825 Η
764 2795 811 2831 D,
829 2793 888 2823 hd·
1094 2817 1291 2840 evanescente
1309 2811 1342 2846 Q,
1358 2811 1395 2848 P,
1420 2813 1561 2853 cong-ruit
1577 2815 1645 2853 (per
1661 2814 1749 2845 Lem.
1772 2811 1878 2856 Vll.)
1895 2822 1927 2848 et

273 2853 330 2894 (ιι)
354 2857 424 2885 209,
451 2854 536 2884 Nam
553 2853 586 2888 Q
606 2852 638 2883 R
652 2850 777 2892 aequalis
805 2854 850 2879 est
863 2847 980 2888 sagittae
992 2846 1051 2877 du·
1093 2851 1251 2890 propterea
1265 2857 1393 2892 tangens
1407 2853 1461 2884 illa
1475 2855 1659 2886 considerari
1670 2862 1769 2895 potest
1778 2863 1926 2899 tanqum

229 2894 274 2934 pli
287 2905 373 2924 arcus
391 2895 470 2931 QP,
492 2895 526 2925 in
540 2895 629 2936 cujus
641 2893 744 2924 medio
758 2897 803 2922 αἱ
819 2891 856 2928 Ρ,
875 2889 977 2932 (207),
994 2888 1052 2918 du·
1093 2893 1240 2934 trianguli
1258 2895 1279 2924 S
1297 2894 1324 2924 P
1342 2895 1383 2931 Q,
1408 2895 1487 2926 basis
1505 2897 1531 2927 P
1549 2898 1590 2935 Q,
1616 2898 1772 2937 producta,
1797 2906 1828 2930 et
1845 2901 1867 2931 S
1884 2901 1922 2938 Y.

230 2936 319 2976 plum
337 2936 407 2970 veri>
429 2937 575 2977 trianguli
598 2934 800 2967 evanescentis
817 2934 838 2964 S
851 2933 884 2968 Q.
895 2932 932 2968 P,
947 2930 1054 3003 ‘gquoq
1093 2940 1238 2976 tanquam
1253 2937 1512 2976 perpendicularis
1527 2939 1565 2969 ad
1580 2940 1665 2970 illam
1680 2941 1777 2971 busim
1791 2941 1924 2981 produc-

230 2988 285 3017 per
301 2978 388 3008 Lem.
401 2977 955 3018 VI11.,tanquamrectilineumcons1
978 2982 1055 3003 eran
1092 2982 1166 3012 tam,
1189 2978 1283 3018 quare
1297 2989 1365 3010 area
1379 2980 1468 3019 dupli
1490 2981 1636 3023 trianguli
1653 2984 1675 3014 S
1693 2983 1719 3014 P
1737 2984 1778 3021 Q,
1794 2991 1839 3015 est
1855 2984 1877 3015 S
1894 2984 1924 3015 Y

231 3019 341 3060 potest)
355 3020 470 3060 aequale
484 3026 529 3051 est
543 3020 621 3051 facto
635 3030 672 3050 ex
685 3017 903 3060 perpendiculo
927 3016 960 3052 Q.
969 3015 1008 3053 T:
1023 3014 1057 3044 5¹¹
1095 3022 1129 3058 Χ
1150 3020 1183 3057 Q
1198 3020 1226 3052 P
1239 3034 1285 3052 =
1304 3023 1325 3053 S
1342 3021 1371 3053 P
1387 3026 1421 3061 ><
1443 3023 1476 3059 Q
1490 3023 1528 3054 Τ.
