2086 3542
565 256 1016 301 PHILOSOPHIAE
1048 255 1410 302 NATURALIS
1542 256 1688 310 [M'o'r.
1711 258 1916 308 Com-on·

226 260 281 298 60

208 371 383 430 quacum
411 378 546 415 motus
580 378 717 415 cessat.
780 371 837 413 Et
867 371 1050 413 similiter
1083 385 1157 426 per
1183 371 1370 414 ultimam
1408 372 1608 414 rationem
1640 373 1915 429 quantitatum

206 443 544 494 evanescentium,
575 441 882 499 intelligendam
917 457 1002 483 esse
1034 442 1237 484 rationem
1270 443 1557 499 quantitatum,
1588 458 1673 484 non
1693 452 1917 500 antequam

206 522 462 566 evanescunt,
493 521 578 555 non
597 520 751 568 postea,
783 512 856 553 sed
885 511 1061 568 quacum
1090 521 1348 555 evanescunt.
1409 513 1568 555 Pariter
1597 521 1638 555 et
1656 515 1760 556 ratio
1780 515 1917 570 prima.

203 585 458 627 nascentium
490 591 550 626 est
582 583 687 625 ratio
714 581 890 639 quacum
920 592 1155 626 nascuntur.
1215 584 1271 625 Et
1301 599 1461 625 summa
1478 585 1612 639 prima
1631 593 1672 626 et
1691 585 1836 627 ultima
1855 591 1916 634 est

205 655 381 712 quacum
401 670 485 700 esse
506 654 589 710 (vel
608 647 749 711 augeri
769 659 839 695 aut
858 652 1004 706 minui)
1024 653 1226 708 incipiunt
1245 661 1286 695 et
1305 662 1472 696 cessant.
1520 655 1648 696 Extat
1661 655 1777 697 limes
1789 669 1914 712 quem

205 727 392 769 velocitas
424 727 467 767 in
486 726 569 767 fine
588 724 722 766 motus
741 724 953 780 fattingere
979 731 1126 779 potest,
1157 737 1242 765 non
1262 732 1399 766 autem
1418 724 1660 782 transgredi.
1722 725 1833 767 Haec
1852 733 1915 777 est

202 798 393 839 velocitas
405 797 560 838 ultima.
620 795 676 836 Et
689 809 765 849 par
780 801 840 836 est
854 794 959 836 ratio
970 794 1110 836 limitis
1126 795 1399 851 quantitatum
1428 802 1468 836 et
1486 795 1799 850 proportionum
1820 810 1914 837 om·

200 869 316 910 nium
331 867 610 922 incipientium
626 872 666 907 et
678 865 930 907 cessantium.
992 865 1180 922 Cumque
1194 865 1263 907 hic
1281 865 1397 906 limes
1417 865 1469 906 sit
1487 872 1621 907 certus
1641 874 1682 907 et
1701 865 1909 918 definitus,

200 939 415 994 problema
429 944 489 980 est
504 936 599 980 vere
614 936 909 994 geometricum
929 936 1106 978 eundem
1126 936 1410 978 determinare.
1444 936 1708 978 Geometrica
1716 934 1911 978 veroom-

199 1009 269 1051 nia
283 1009 327 1050 in
341 1008 427 1050 aliis
442 1007 697 1065 geometricis
712 1006 1030 1048 determinandis
1044 1022 1092 1049 ac
1107 1006 1432 1050 demonstrandis
1446 1006 1627 1064 legitime
1647 1013 1911 1063 usurpantur.

258 1079 463 1121 Contendi
495 1079 616 1119 etiam
643 1085 790 1133 potest,
825 1077 938 1134 quod
967 1078 1000 1118 si
1026 1078 1175 1120 dentur
1203 1078 1357 1125 ultimae
1377 1077 1649 1134 quantitatum
1669 1091 1910 1119 evanescen-

197 1149 302 1191 tium
335 1150 524 1199 rationes,
556 1148 764 1189 dabuntur
794 1155 836 1189 et
868 1147 1025 1190 ultimae
1053 1149 1373 1206 magnitudines:
1405 1155 1447 1190 et
1474 1148 1532 1189 sic
1552 1148 1754 1204 quantitas
1774 1147 1910 1197 omnis

242 1277 298 1320 (ἲ)
316 1279 388 1307 141.
410 1275 483 1313 Seu,
495 1274 705 1316 quantitatum
718 1273 991 1306 determinatarum
1000 1280 1033 1307 et
1069 1279 1153 1317 jores
1167 1276 1215 1306 vel
1228 1276 1384 1313 minores3
1400 1274 1427 1305 si
1441 1275 1526 1305 enim
1540 1278 1693 1314 punctum
1710 1272 1749 1308 B,
1765 1271 1905 1303 velocius

198 1318 439 1355 indivisibilium,
456 1317 521 1354 sed,
537 1317 594 1347 &c.
1074 1328 1194 1357 semper
1207 1317 1421 1358 progrediatur
1433 1327 1528 1357 quam
1542 1321 1695 1355 punctum
1713 1315 1750 1352 C,
1766 1314 1800 1346 in
1818 1314 1902 1347 linei

244 1366 312 1394 142.
343 1358 386 1392 Ut
400 1359 607 1400 quantitatum
628 1359 875 1390 evanescentium
890 1365 946 1391 aut
960 1370 1030 1391 nas-
1074 1360 1104 1391 B
1122 1361 1159 1396 C,
1187 1360 1376 1390 incrementa
1403 1359 1432 1389 B
1457 1360 1488 1394 b,
1509 1358 1639 1397 ¹fluentis
1662 1357 1694 1388 A
1722 1357 1762 1394 B,
1784 1357 1903 1397 majora

198 1404 337 1436 centium
351 1401 515 1433 relationes
536 1406 628 1442 atque
649 1401 847 1440 proprietates
869 1402 1030 1432 invenian-
1072 1408 1164 1432 erunt
1177 1401 1374 1432 incrementis
1387 1402 1417 1433 E
1430 1411 1457 1438 c,
1467 1400 1630 1431 fluentisB
1648 1399 1684 1435 C,
1701 1398 1810 1429 eodem
1824 1404 1904 1429 tem-

196 1453 259 1484 tur,
300 1444 534 1480 considerantur
561 1443 748 1484 quantitates
774 1443 882 1480 finitae,
917 1445 1029 1475 harum
1071 1454 1144 1484 pore
1158 1444 1281 1486 genitis.
1330 1444 1516 1475 Velocitates
1526 1442 1640 1483 quibus
1649 1441 1704 1471 illa
1714 1441 1904 1474 incrementa

197 1487 421 1528 investigantur
434 1486 597 1517 relationes
611 1491 642 1516 et
654 1485 855 1525 proprietates
866 1492 898 1516 et
907 1486 956 1517 lex
967 1485 1030 1526 qua

197 1529 346 1562 continu&
371 1534 514 1560 crescunt
527 1527 577 1558 vel
604 1527 804 1566 decrescunt;
826 1528 938 1568 quibus
952 1538 1026 1569 cog-

196 1574 269 1609 nitis
304 1571 396 1603 facile
425 1570 611 1612 intelligitur
647 1580 793 1611 quaenam
826 1571 1028 1610 proprietates

193 1614 416 1656 quantitatibus
429 1613 491 1643 illis
506 1613 711 1644 crescentibus
725 1622 761 1643 ac
784 1612 1028 1643 decrescentibus

198 1667 318 1697 semper
332 1656 524 1691 conveniant,
541 1654 679 1696 adeoque
693 1661 725 1685 et
737 1665 812 1685 cum
825 1655 859 1691 in
869 1655 1027 1686 infinitum

193 1700 380 1730 minuuntur
399 1704 430 1729 et
454 1704 647 1732 evanescunt,
675 1697 724 1727 vel
744 1707 817 1727 cum
842 1703 1020 1727 nascuntur.

195 1741 267 1772 Imo
282 1740 354 1772 vero
368 1751 406 1771 ex
422 1740 585 1771 Lemmate
599 1739 699 1778 primo
719 1739 847 1779 aliisque
868 1739 1022 1779 sequenti-

191 1786 250 1815 bus
263 1783 418 1814 invenitur
428 1791 572 1822 quaenam
585 1781 646 1812 sint
659 1781 857 1820 proprietates
867 1791 937 1821 quae
945 1780 1018 1812 licet

191 1825 414 1866 quantitatibus
434 1824 529 1855 finitis
547 1833 612 1854 non
626 1823 817 1858 conveniant,
834 1823 1016 1853 evanescen-

191 1869 273 1899 tibus
301 1873 405 1898 tamen
437 1872 469 1897 et
496 1865 692 1896 nascentibus
726 1871 914 1904 competunt,
944 1875 1018 1896 cum

190 1909 303 1949 nempe
327 1909 514 1950 quantitates
537 1907 635 1938 finitae
657 1907 865 1938 decrescentes
894 1907 934 1938 ad
962 1908 1032 1940 illas

189 1952 397 1992 proprietates,
414 1956 450 1981 ut
463 1950 506 1981 ita
520 1950 621 1980 dicam
634 1948 783 1989 perpetuo
796 1949 956 1987 accedunt,
983 1958 1015 1981 et

188 1994 228 2025 ad
247 2005 298 2025 eas
317 2000 454 2033 tempore
475 1993 548 2023 dato
568 1992 718 2023 accedunt
739 1992 837 2033 magis
850 1991 945 2033 quam
958 2003 1015 2032 pro
1037 1995 1039 1998 ⁴

188 2035 362 2067 differentia
376 2035 482 2076 quavis
496 2034 578 2065 data.

209 2078 261 2109 Ex
270 2075 512 2118 praecedentibus
519 2073 735 2106 Lemmatibus
743 2076 833 2107 facile
852 2076 1016 2108 deducitur

187 2131 223 2151 ac
238 2122 464 2151 demonstratur
481 2121 683 2151 Newtoniana
703 2119 879 2150 fluxionum
892 2121 1012 2150 metho-

187 2163 247 2193 dus
269 2163 359 2204 cujus
380 2162 536 2203 generalia
556 2162 706 2201 prinpria
727 2168 764 2192 ut
784 2161 856 2201 pote
878 2162 966 2194 nobis
979 2162 1014 2194 in

187 2212 343 2244 posterum
357 2205 519 2244 profutura
533 2204 662 2235 breviter
676 2204 905 2244 explicabimus.

234 2252 304 2278 145.
343 2247 540 2283 Quantitatae
569 2247 814 2278 indeterminatae
842 2257 914 2286 quae

190 2288 339 2320 continuo
353 2295 494 2320 crescunt
509 2289 558 2319 vel
569 2289 760 2325 decrescunt,
782 2289 915 2322 variabi-

191 2332 237 2362 les
251 2338 306 2363 aut
319 2332 449 2363 fluentes
464 2331 610 2362 dicuntur
618 2343 628 2369 ;
652 2337 827 2362 constantes
840 2331 912 2362 vero

192 2381 247 2405 aut
258 2374 468 2405 determinatae
489 2379 646 2409 vocantur,
670 2384 740 2414 quae
754 2373 822 2404 aliis
837 2383 911 2404 com

192 2416 281 2448 tinub
295 2416 502 2448 crescentibus
515 2416 564 2446 vel
578 2415 832 2452 decrescentibus,
848 2426 911 2446 eae.

190 2459 263 2490 dem
277 2465 413 2490 manent.
460 2458 621 2490 Ordinatae
637 2459 666 2491 B
685 2459 722 2495 C,
741 2459 770 2489 B
789 2459 831 2494 D,
856 2469 910 2488 su-

187 2512 243 2540 per
265 2502 330 2533 basi
348 2502 378 2532 A
394 2502 430 2538 F,
445 2507 535 2532 motu
550 2501 607 2531 sibi
622 2510 742 2540 semper
762 2500 911 2540 parallelo

190 2544 234 2574 ita
247 2544 492 2585 progrediantur,
515 2550 551 2574 ut
575 2542 715 2573 ordinata
740 2543 768 2574 B
786 2544 829 2579 D,
859 2542 912 2573 ea-

190 2586 263 2616 dem
277 2596 397 2626 semper
409 2591 564 2621 manente,
575 2591 729 2624 punctum
741 2586 783 2622 D,
796 2591 912 2616 rectam

193 2629 224 2659 G
242 2630 275 2660 D
289 2629 310 2659 d
324 2626 484 2664 describat,
500 2633 531 2658 et
545 2627 668 2658 interim
684 2626 832 2658 continuo
846 2637 913 2658 cre-

189 2678 293 2702 scente
306 2671 356 2702 vel
370 2671 564 2702 decrescente
572 2669 711 2700 ordinata
722 2670 751 2700 B
764 2669 799 2704 C,
813 2678 913 2708 punc-

189 2719 257 2743 tum
274 2714 300 2745 C
314 2713 466 2744 describat
479 2721 605 2743 curvam
618 2711 651 2743 A
668 2711 695 2742 C
711 2721 744 2749 c;
781 2711 914 2742 abscissa

193 2755 224 2785 A
242 2757 281 2791 Β,
309 2756 450 2787 ordinata
481 2755 510 2786 B
539 2755 576 2791 C,
598 2763 700 2785 curvae
721 2752 811 2784 arcfis
838 2753 869 2784 A
884 2763 911 2789 c,

190 2807 270 2827 areae
287 2798 317 2828 A
336 2799 362 2830 C
373 2799 419 2834 B,
437 2798 467 2828 A
488 2798 519 2828 G
536 2798 569 2828 D
587 2797 625 2833 B,
642 2801 717 2827 sunt
728 2795 915 2837 quantitates

192 2839 438 2871 mdeterminatae
453 2850 509 2871 seu
523 2839 674 2876 fluentes;
739 2846 821 2873 recta
845 2840 918 2873 vero

189 2882 219 2913 Β
238 2882 281 2919 D,
304 2890 350 2913 est
364 2884 517 2923 quantitas
531 2889 683 2915 constans-

233 2927 302 2954 144.
324 2926 519 2961 Quantitates
533 2927 673 2964 fluentes,
689 2931 726 2958 ut
737 2927 767 2957 A
779 2926 818 2964 B,
837 2927 866 2958 B
879 2927 916 2966 C,

188 2966 359 3008 aequalibus
365 2970 554 3008 temporibus
564 2977 733 3000 crescentes
740 2975 772 3000 et
779 2980 917 3001 crescen-

187 3008 229 3040 do
244 3010 365 3050 genitae,
381 3020 437 3049 pro
451 3012 609 3043 velocitate
622 3012 732 3053 majori
746 3012 794 3043 vel
804 3012 917 3044 minori

188 3052 249 3092 qua
264 3059 414 3090 crescunt,
434 3064 469 3084 ac
483 3061 679 3096 generantur,
701 3055 838 3088 evadunt
850 3066 915 3088 ma-

1070 1493 1108 1518 ut
1124 1487 1154 1518 B
1167 1489 1197 1523 b,
1216 1487 1246 1517 E
1261 1496 1287 1522 c,
1305 1485 1414 1517 eodem
1427 1492 1565 1524 tempore
1579 1484 1692 1525 genita,
1714 1482 1814 1523 prim&
1828 1493 1900 1514 nas-

1068 1535 1192 1567 cuntur,
1205 1529 1283 1559 dum
1296 1528 1409 1569 nempe
1421 1530 1443 1560 b
1457 1538 1484 1563 c,
1500 1526 1646 1557 coincidit
1660 1536 1731 1556 cum
1751 1526 1780 1556 B
1797 1526 1834 1563 C,
1851 1525 1900 1559 dis·

1069 1577 1183 1602 cuntur
1221 1573 1350 1606 uwiones,
1367 1578 1399 1603 et
1411 1570 1576 1601 methodus
1601 1579 1640 1599 ex
1664 1568 1832 1599 fluentibus
1845 1567 1896 1606 in-
1917 1604 1921 1608 ᾗ

1069 1614 1171 1644 veniet
1203 1613 1210 1620 '
1226 1613 1388 1652 fluxiones,
1404 1611 1569 1643 methodus
1583 1610 1758 1641 fluxionum
1781 1609 1899 1642 directa

1068 1662 1212 1693 vocatur-5
1222 1655 1387 1686 methodus
1398 1654 1470 1686 vero
1480 1664 1519 1684 ex
1532 1653 1721 1684 fluxionibus
1734 1652 1896 1690 invenien-

1065 1698 1097 1728 di
1104 1697 1243 1734 fluentes,
1250 1700 1404 1730 methodus
1401 1698 1581 1740 sturionum
1593 1698 1708 1727 inversa
1715 1694 1896 1734 appellatur.

1109 1743 1178 1772 145.
1207 1739 1393 1771 Velocitates
1415 1739 1527 1780 quibus
1554 1737 1719 1768 fluentium
1739 1736 1895 1777 quantitas

1058 1788 1126 1813 tum
1141 1782 1331 1812 incrementa
1353 1782 1463 1813 eodem
1483 1787 1622 1819 tempore
1643 1779 1759 1820 genita,
1790 1778 1892 1818 primo

1058 1831 1237 1862 nascuntur,
1253 1830 1326 1855 sunt
1347 1824 1666 1855 uniformes—Dem-
1716 1822 1799 1852 Cum
1821 1831 1893 1852 cur-

1057 1873 1096 1898 v'a
1115 1867 1147 1897 A
1162 1867 1188 1898 C
1199 1877 1226 1903 c,
1242 1873 1332 1897 motu
1348 1866 1456 1906 puncti
1474 1866 1508 1902 C,
1523 1865 1684 1896 velocitate
1698 1863 1805 1904 quavis
1820 1863 1892 1894 fini-

1058 1909 1089 1940 ta
1105 1909 1328 1950 progredientis
1355 1908 1486 1939 describi
1509 1908 1613 1947 possit,
1629 1907 1655 1937 si
1679 1907 1764 1937 illius
1779 1906 1888 1942 puncti
1906 1930 1909 1934 .

1057 1952 1201 1983 velocitas
1228 1951 1401 1982 secundum
1414 1952 1616 1984 directionem
1629 1949 1655 1980 C
1666 1948 1708 1986 E,
1719 1947 1809 1977 linoae
1821 1945 1851 1976 A
1862 1945 1894 1976 Β

1111 1994 1300 2034 parallelam,
1330 2001 1521 2033 supponatur
1543 1992 1714 2028 unifomzis,
1744 1991 1891 2022 velocita-

1061 2036 1202 2078 ejusdem
1222 2036 1394 2067 secundum
1415 2035 1615 2076 directionem
1638 2032 1668 2065 E
1685 2044 1710 2070 c,
1737 2044 1793 2074 pro
1808 2032 1892 2064 varia

1060 2089 1162 2110 curvae
1179 2079 1210 2109 A
1228 2079 1254 2110 C
1269 2089 1286 2109 c
1295 2077 1415 2114 natura,
1431 2077 1514 2108 varia
1525 2077 1652 2118 quidem
1665 2077 1724 2107 erit
1737 2077 1771 2106 in
1786 2075 1892 2106 diver-

1054 2122 1098 2153 sis
1111 2131 1214 2152 curvae
1234 2121 1366 2161 punctis,
1391 2131 1421 2151 v.
1439 2130 1485 2160 gr.
1511 2120 1543 2150 iu
1569 2120 1604 2155 C,
1628 2125 1660 2150 et
1680 2129 1716 2157 c;
1739 2118 1796 2149 sed
1824 2115 1890 2158 qud

1054 2164 1157 2205 magis
1171 2169 1323 2204 punctum
1337 2173 1363 2199 c,
1379 2163 1420 2194 ad
1437 2164 1474 2201 C,
1490 2161 1623 2198 accedet,
1648 2161 1686 2206 eo
1700 2161 1802 2191 minor
1829 2159 1888 2191 erit

1055 2206 1223 2238 velocitatis
1243 2205 1417 2238 secundum
1438 2204 1638 2237 directionem
1662 2204 1693 2235 E
1708 2214 1735 2240 c,
1751 2203 1882 2235 variatio
