2086 3542
144 230 292 272 ann
313 229 529 282 Planus]
588 227 910 270 PRINCIPIA
939 226 1434 271 MATHEMATICA.
1790 228 1843 271 77

145 344 367 401 Hugenius
404 343 449 384 in
487 341 640 384 eximio
669 356 744 383 suo
768 348 944 383 tractatu
964 342 1033 383 De
1055 340 1292 398 Horologio
1328 341 1590 383 Oscillatorio
1609 341 1692 381 vim
1710 341 1845 397 gravi-

142 412 239 457 tatis'
255 430 349 456 cum
363 413 660 455 revolventium
677 412 831 454 viribus
851 405 1088 468 centrifugis
1108 411 1292 453 contulit.

187 485 262 541 (⁶)
295 484 584 535 Demonstrari
603 483 727 525 etiam
759 490 932 538 possunt
949 481 1227 537 praecedentia
1245 482 1288 522 in
1321 481 1434 522 hunc
1452 480 1636 522 modum.
1695 480 1747 521 In
1767 480 1845 520 cir-

141 555 234 597 culo
253 555 396 611 quovis
417 553 594 596 describi
623 552 877 610 intelligatur
900 552 1156 609 polygonum
1184 552 1360 594 laterum
1393 559 1667 607 quotcunque.
1740 549 1795 590 Et
1813 550 1846 590 si

142 639 290 681 corpus
309 626 354 666 in
371 625 571 682 polygoni
589 623 786 666 lateribus
806 622 901 665 data
922 637 1017 664 cum
1035 623 1251 664 velocitate
1268 622 1475 664 movendo
1494 621 1549 662 ad
1569 622 1653 677 ejus
1672 619 1846 676 angulos

140 696 321 753 singulos
341 711 367 737 a
404 695 559 736 circulo
589 695 840 744 reflectatur3
870 694 945 744 vis,
967 692 1047 749 qufi
1075 693 1245 750 singulis
1271 692 1561 735 reflexionibus
1581 689 1774 746 impingit
1801 689 1846 729 in

123 766 352 817 circulum,
374 766 453 807 erit
491 773 537 807 ut
556 766 642 820 ejus
674 764 885 806 velocitas:
916 763 1091 820 ideoque
1122 778 1280 805 summa
1312 763 1461 804 virium
1479 763 1521 803 in
1542 762 1640 803 dato
1658 768 1846 815 tempore

139 837 216 879 erit
235 845 282 878 ιιι
299 836 491 878 velocitas
510 835 593 886 illa,
615 843 658 877 et
675 850 871 877 numerus
891 835 1162 876 reflexionum
1182 834 1455 889 conjunctim:
1485 820 1566 873 hoc
1600 838 1663 873 est
1684 830 1734 886 (si
1766 844 1850 885 po·-

138 907 337 964 lygonum
356 901 477 948 detur
496 906 648 961 specie)
678 913 725 947 ut
742 903 958 962 longitudo
977 903 1075 945 dato
1104 903 1176 945 illo
1209 912 1395 959 tempore
1429 902 1645 956 descripta,
1666 909 1708 942 et
1727 908 1844 942 aucta

138 977 203 1019 vel
223 977 424 1018 diminuta
456 977 501 1017 in
519 976 677 1018 ratione
695 974 967 1032 longitudinis
996 973 1179 1030 ejusdem
1198 974 1252 1015 ad
1290 973 1432 1015 circuli
1450 972 1640 1029 praedicti
1658 970 1845 1020 radium3

138 1048 183 1090 id
202 1055 277 1098 est,
298 1054 346 1089 ut
364 1046 607 1103 quadratum
626 1044 894 1103 longitudinis
922 1045 1030 1086 illius
1051 1045 1300 1100 applicatum
1319 1044 1373 1085 ad
1393 1044 1570 1085 radium:
1601 1042 1789 1097 ideoque,
1812 1041 1844 1082 si

139 1118 392 1176 polygonum
406 1117 601 1158 lateribus
620 1115 779 1158 infinite
793 1115 1005 1157 diminutis
1026 1115 1229 1157 coincidat
1247 1129 1342 1156 cum
1357 1115 1524 1165 circulo,
1540 1121 1588 1155 ut
1600 1112 1844 1169 quadranm

138 1204 256 1231 arcus
276 1188 375 1230 dato
393 1196 578 1243 tempore
598 1187 791 1242 descripti
810 1186 1060 1242 applicatum
1080 1186 1133 1227 ad
1152 1185 1328 1228 radium.
1387 1185 1498 1227 Haec
1517 1191 1580 1225 est
1611 1184 1672 1224 vis
1692 1183 1842 1224 centri-

135 1259 247 1317 fuga,
269 1258 349 1315 quii
369 1273 518 1314 corpus
538 1266 660 1315 urget
678 1258 903 1307 circulum3
934 1266 975 1299 et
1004 1257 1102 1298 huic
1135 1257 1302 1312 aequalis
1340 1263 1403 1297 est
1440 1255 1501 1297 vis
1520 1253 1737 1303 contraria,
1760 1252 1839 1309 qufi

137 1330 312 1372 circulus
327 1330 521 1372 continuo
533 1329 695 1384 repellit
706 1343 854 1384 corpus
871 1336 1056 1370 centrum
1067 1342 1217 1370 versus,

181 1457 254 1500 (ἃ)
278 1460 348 1489 205.
376 1459 453 1489 Duo
465 1458 677 1499 intelligantur
689 1458 846 1499 polygom
858 1457 970 1489 similia

137 1506 170 1531 et
190 1500 343 1541 regularia
370 1501 492 1531 circulis
514 1500 635 1532 duobus
660 1501 814 1540 inscripta,
823 1510 970 1550 quorum

1011 1456 1048 1488 ro
1061 1457 1087 1488 ς’
1101 1456 1210 1488 endem
1223 1461 1413 1506 supponatur
1426 1455 1460 1487 in
1473 1461 1605 1496 utroque
1621 1454 1776 1496 polygono
1789 1465 1842 1485 ve-

1011 1499 1128 1537 locitas,
1149 1499 1271 1530 numeri
1284 1499 1416 1551 ]ωετιιιιι
1430 1498 1540 1529 eodem
1552 1504 1689 1537 tempore
1710 1497 1842 1536 descrip-

137 1542 233 1572 latera
246 1552 376 1574 numero
390 1548 526 1574 ‹n-aeoent
540 1549 570 1574 et
582 1543 776 1584 longitudine
789 1542 969 1574 minuantur

136 1584 171 1614 in
184 1584 350 1623 infinitum,
373 1591 404 1615 et
412 1595 539 1624 corpora
560 1585 646 1616 duo
636 1595 670 1615 m
682 1585 910 1626 polygonorum
922 1585 968 1616 la-

137 1626 252 1658 teribus
265 1627 407 1668 aequabili
419 1627 578 1658 velocitate
590 1627 736 1665 ferantur,
752 1627 892 1669 atquead
905 1627 968 1658 sin-

138 1669 230 1710 gulos
243 1669 376 1711 angulos
398 1670 418 1700 ὲ,
434 1670 550 1701 circulo
565 1650 769 1701 reflectantur.
817 1669 968 1701 Manifes-

137 1718 207 1742 tum
233 1718 280 1742 est
306 1722 470 1752 corporum
496 1712 530 1742 in
557 1712 720 1753 polygonis
745 1711 968 1743 revolventium

137 1754 280 1795 vil-escen
309 1754 317 1761 ’
417 1765 482 1785 non
495 1754 967 1786 aeoemenmmndasexsolive-

137 1796 849 1850 lodtateffliflinsingulisangulisincurmntin
868 1797 967 1828 circu-

138 1838 425 1880 lumetquaabillo
434 1840 642 1877 reflecmntur,
652 1840 707 1871 sed
719 1840 968 1880 insupeshnben-

139 1881 212 1912 dam
219 1891 287 1912 esse
299 1882 450 1913 rationem
462 1862 659 1932 &equentizzi‘
649 1889 840 1922 mpactuum
848 1888 903 1913 aut
918 1892 967 1912 re-

139 1923 318 1961 flexionum,
325 1924 410 1955 itaut
417 1924 444 1955 si
452 1925 559 1956 eadem
564 1918 658 1955 fuerit
663 1925 796 1956 duorum
804 1935 968 1964 corporum

140 1966 360 1997 revolventium
366 1967 511 2004 oelesims,
521 1967 600 1998 virae
608 1967 789 2008 centrifugae
794 1967 856 1998 sint
860 1973 897 1998 ut
907 1978 968 1997 nu-

139 2008 217 2038 meri
222 2008 412 2048 impacmum
417 2016 470 2040 aut
475 2009 674 2040 reflexionum
681 2016 817 2049 tempore
822 2010 967 2049 datoper-

140 2052 296 2089 actarum3
318 2061 392 2082 nam
418 2063 481 2093 quo
508 2052 612 2092 plures
633 2058 706 2083 sunt
727 2058 864 2092 tempore
896 2052 968 2083 dato

139 2092 291 2132 impactus
313 2099 344 2124 et
356 2093 543 2132 reflexiones,
566 2093 604 2125 εό
627 2095 726 2136 magis
739 2105 850 2134 eorpus
871 2094 969 2125 circu-

140 2135 322 2184 lum-urget,
343 2134 412 2166 uta
430 2142 534 2167 centro
557 2137 678 2168 reoedat
699 2143 730 2168 et
753 2135 969 2175 vjoe-vexsaeo

141 2177 242 2219 magis
255 2177 296 2208 ad
309 2184 449 2208 centrum
462 2184 652 2227 urgeturper
665 2179 771 2210 circuli
783 2179 969 2210 reactionem

144 2219 340 2260 aequalemet
362 2220 678 2251 nonu-ariamactioni.
728 2222 971 2258 Quat-esivaria

141 2261 234 2293 fuerit
247 2272 408 2301 corporum
429 2262 463 2292 in
475 2263 637 2304 polygonis
656 2263 877 2294 revolventium
890 2264 968 2295 eele-

142 2304 215 2335 rins
369 2305 377 2312 ”
424 2304 504 2335 ιιι-ω
517 2306 698 2346 centrifugae
720 2311 811 2336 erunt
824 2312 861 2336 ut
881 2306 965 2336 velo-

142 2346 246 2377 citates
256 2353 286 2377 et
293 2347 611 2387 numeriimpactuum
622 2358 675 2378 seu
684 2347 884 2378 reflexionum
891 2354 970 2378 tem-

142 2389 218 2427 pnite
239 2389 311 2420 dato
330 2395 523 2429 peractarum
548 2390 746 2431 conjunctim.
794 2390 853 2420 Est
866 2396 971 2420 autem

143 2440 290 2462 numerus
313 2431 516 2463 reflexionum
528 2438 665 2471 tempore
688 2432 759 2463 dato
773 2439 809 2462 ut
822 2443 970 2464 numerus

1011 1547 1115 1572 torum
1142 1547 1234 1577 erunt
1260 1540 1414 1581 reciproce
1441 1539 1847 1580 utlaterasingulffiquo

1011 1584 1228 1625 enimmajora
1248 1590 1322 1614 sunt
1344 1584 1448 1621 latera,
1470 1593 1508 1614 eo
1529 1583 1631 1613 minor
1652 1592 1760 1614 eorum
1782 1592 1842 1612 nu-

1010 1636 1115 1657 merus
1129 1627 1200 1657 dato
1213 1632 1351 1666 tempore
1359 1626 1490 1666 dataque
1514 1625 1675 1656 velocitate
1688 1626 1840 1663 percurri-

1010 1675 1080 1707 tur;
1103 1679 1197 1710 quare
1209 1675 1354 1700 manente
1368 1667 1499 1699 eadem
1489 1678 1523 1698 ιιι
1543 1673 1674 1707 utroque
1686 1666 1739 1706 pol
1739 1677 1843 1707 ygono

1010 1693 1178 1761 veldcitate,
1204 1711 1326 1742 numeri
1347 1710 1549 1741 reflexionum
1571 1716 1645 1740 sunt
1666 1708 1783 1740 inverse
1806 1715 1843 1740 ut

1010 1754 1114 1791 latera,
1137 1754 1199 1784 sive
1221 1756 1261 1785 ob
1284 1753 1512 1794 polygonorum
1528 1751 1770 1788 similitudinem,
1792 1751 1841 1781 in-

1010 1796 1095 1828 verse
1108 1802 1146 1827 ut
1160 1796 1239 1827 radii
1252 1796 1446 1827 circulorum.
1482 1795 1514 1825 Si
1527 1793 1599 1825 vero
1613 1800 1744 1833 ponatur
1756 1794 1840 1824 idem

1010 1839 1196 1873 ‹ii-culmum
1209 1838 1322 1876 radius,
1345 1844 1377 1869 et
1396 1838 1480 1868 varia
1493 1837 1527 1866 in
1540 1842 1670 1876 utroque
1684 1836 1841 1877 polygono

1010 1882 1153 1912 velocitas
1160 1881 1333 1918 uniformis,
1342 1886 1433 1911 erunt
1440 1879 1563 1910 numeri
1714 1879 1748 1908 in
1755 1885 1842 1909 utro-

1010 1935 1070 1965 que
1078 1924 1307 1966 polygonodato
1315 1930 1451 1963 tempore
1455 1931 1678 1962 pel-cursorum,
1686 1920 1798 1951 directe
1806 1927 1843 1951 ut

1009 1967 1182 1998 velocitates
1204 1966 1376 2007 aequabiles,
1397 1976 1461 2002 seu,
1477 1970 1514 1995 ιιι
1541 1963 1750 2005 longitudines
1770 1963 1842 1994 dato

1010 2015 1147 2048 tempore
1160 2009 1319 2048 doecriptae
1334 2011 1352 2057 (
1358 2008 1412 2048 5).
1441 2007 1546 2044 Quare
1556 2006 1741 2037 variannhus
1754 2006 1842 2046 poly-

1011 2050 1383 2092 goniveloeitateetradio,
1394 2060 1541 2080 numerus
1546 2048 1747 2079 reflexionum
1756 2054 1842 2079 estut

1011 2094 1163 2131 velocitas,
1186 2104 1241 2124 seu
1254 2099 1291 2124 ut
1304 2093 1467 2134 longitudo
1475 2098 1613 2131 tempore
1627 2091 1841 2130 datodoecrip-

1011 2136 1208 2176 taapplioeta
1228 2136 1270 2167 ad
1290 2135 1421 2166 radium.
1471 2135 1554 2166 Cum
1578 2133 1842 2182 igitursuprfios-

1010 2178 1268 2209 tensumsitvim
1289 2178 1493 2218 centn-ffugam
1517 2175 1688 2212 incirculo,
1711 2175 1842 2206 autvim

1011 2221 1280 2261 cenffipemnipsi
1300 2218 1700 2267 aequalemetcontmriam,
1731 2217 1842 2248 essein

1011 2264 1128 2294 ratione
1153 2262 1319 2302 compositi
1332 2262 1498 2293 velocitatis
1513 2268 1544 2292 et
1560 2260 1682 2291 numeri
1702 2259 1842 2290 reflexio-

1011 2316 1090 2336 num
1112 2306 1185 2336 dato
1206 2311 1343 2345 tempore
1364 2311 1565 2344 peractarum,
1594 2303 1691 2342 liquet
1713 2301 1843 2332 eandem

1011 2348 1076 2377 vim
1089 2347 1293 2388 centrifugam
1301 2357 1365 2377 osse
1378 2357 1501 2387 quoque
1514 2352 1550 2376 ut
1563 2356 1583 2385 q
1759 2343 1843 2373 velo-

1012 2390 1110 2420 citatis
1123 2389 1208 2420 radio
1222 2389 1363 2426 divisum,
1386 2395 1417 2419 et
1430 2389 1522 2418 etiam
1530 2393 1566 2417 ut
1579 2386 1762 2427 quadratum
1775 2385 1844 2415 lon-

1015 2431 1163 2472 gitudinis
1185 2441 1239 2461 seu
1254 2431 1342 2461 arcus
1356 2430 1427 2462 dato
1440 2436 1578 2469 tempore
1579 2398 1732 2467 qdaem’ipti
1746 2427 1843 2468 appli-

143 2473 275 2505 lam-um
286 2474 435 2516 polygoni
444 2485 481 2506 eo
494 2481 631 2515 tempore
644 2474 874 2515 descriptorum.
894 2475 974 2506 Por·
1014 2481 1118 2505 catum
1131 2473 1172 2505 ad
1185 2473 1316 2504 radium.
