2086 3542
100 250 246 292 erm
268 251 484 305 Primum]
543 251 863 295 PRINCIPIA
894 250 1386 295 MATHEMATICA.
1719 258 1800 293 345

97 381 285 408 errorum
303 375 492 423 tempora
509 367 553 408 in
572 367 655 409 alio
673 368 831 424 quovis,
849 355 970 425 quam
986 366 1203 425 proxime:
1234 369 1308 410 sed
1321 368 1485 411 brevius
1499 367 1579 411 hac
1593 368 1804 411 methodo.

98 437 150 493 (ά)
181 438 303 480 Vires
324 439 368 480 N
388 437 454 487 M,
476 437 529 479 M
549 438 602 488 L,
624 438 784 480 aaetefis
805 439 1020 489 stantibus,
1042 432 1138 480 sunt
1156 446 1203 479 ut
1222 439 1363 480 radius
1384 439 1426 480 T
1447 438 1496 490 P,
1518 447 1560 480 et
1577 438 1727 481 harum
1746 440 1807 482 ef-

95 508 227 552 fectus
245 509 445 565 periodici
475 512 568 565 (per
589 509 729 551 Corol.
753 515 793 551 2,
813 510 934 552 Lem.
955 509 1034 562 X.)
1063 516 1113 550 ut
1129 508 1249 561 vires,
1272 517 1314 551 et
1333 509 1580 565 quadratum
1610 512 1807 565 temporis

96 581 296 636 periodici
315 581 500 636 corporis
523 581 560 623 P
579 582 842 637 conjunctim.
904 582 969 624 Hi
1001 590 1097 623 sunt
1128 596 1288 623 errores
1322 582 1498 623 lineares
1534 582 1720 637 corporis
1743 583 1806 631 P;

98 659 139 694 et
161 651 258 692 hinc
278 666 437 693 errores
458 651 675 707 angulares
695 667 719 693 e
738 659 881 693 centro
902 652 944 693 T
964 652 1135 707 spectati
1166 651 1227 707 (id
1247 659 1321 702 est,
1342 659 1428 693 tam
1457 659 1593 693 motus
1620 653 1738 708 augis
1767 660 1809 693 et

95 723 316 773 nodorum,
339 722 463 779 quam
483 737 627 764 omnes
647 723 692 763 in
710 722 1014 779 longitudinem
1033 731 1075 765 et
1093 723 1352 765 latitudinem
1374 737 1533 765 errores
1548 724 1807 777 apparentes)

96 802 205 845 sunt,
226 795 271 835 in
291 794 476 850 qualibet
493 794 750 836 revolutione
770 795 955 849 corporis
979 795 1027 846 P,
1049 803 1096 836 ut
1115 795 1361 851 quadratum
1376 795 1574 850 temporis
1590 795 1811 836 revolutio-

93 866 159 907 nis
180 880 303 922 quam
323 864 526 921 proxime.
588 866 906 922 Conjungantur
924 866 992 907 hae
1011 867 1190 909 rationes
1216 882 1311 909 cum
1340 868 1568 909 rationibus
1590 867 1811 909 Corollarii

96 939 224 981 XIV.
246 938 349 980 etin
370 938 555 994 quolibet
583 952 807 992 corporum
838 938 892 988 T,
930 938 978 988 Ρ,
1012 938 1042 980 S
1077 947 1311 994 systemate,
1347 939 1420 980 ubi
1442 939 1478 980 P
1497 938 1653 980 circum
1673 939 1715 980 T
1735 939 1813 979 sibi

92 1012 387 1068 propinquum,
410 1019 453 1052 et
473 1010 514 1051 T
534 1011 690 1051 circum
711 1011 743 1053 S
762 1010 1040 1067 longinquum
1056 1011 1294 1062 revolvitur,
1312 1026 1472 1053 errores
1488 1011 1706 1068 angulares
1722 1025 1813 1051 cor-

93 1082 206 1138 poris
228 1082 278 1133 P,
300 1081 353 1122 de
373 1089 516 1122 centro
537 1079 580 1122 T
598 1089 857 1135 apparenteS,
880 1088 1014 1132 erunt,
1036 1081 1080 1122 in
1101 1081 1273 1138 singulis
1287 1081 1611 1123 revolutionibus
1627 1081 1813 1136 corporis

93 1153 204 1195 illius
226 1153 275 1204 P,
297 1159 344 1193 ut
365 1151 610 1207 quadratum
630 1151 827 1205 temporis
846 1151 1048 1206 periodici
1068 1152 1253 1206 corporis
1271 1152 1308 1193 P
1320 1150 1490 1202 directe,
1512 1160 1554 1193 et
1568 1151 1814 1207 quadratum

98 1223 296 1279 temporis
315 1222 514 1278 periodici
537 1222 720 1277 corporis
742 1222 784 1263 T
802 1221 975 1264 inverse.
1037 1222 1087 1278 (θ)
1120 1223 1176 1264 Et
1207 1223 1304 1265 inde
1334 1231 1473 1265 motus
1505 1216 1665 1264 medius
1697 1223 1813 1280 augis

93 1367 175 1400 circe
187 1377 298 1407 corpus
315 1368 337 1399 S
350 1366 526 1403 revolvitur,
543 1371 580 1396 ut
595 1370 689 1404 patet,
711 1365 737 1395 si
758 1365 828 1396 loco
848 1364 931 1395 orbis

96 1412 128 1443 E
146 1412 169 1442 S
185 1411 215 1442 E
229 1412 264 1440 in
289 1409 550 1441 demonstratione
574 1414 708 1449 ponatur
733 1408 815 1439 orbis
836 1417 931 1448 quem

95 1463 206 1493 corpus
223 1455 252 1485 T
265 1453 383 1483 circum
401 1452 422 1482 S
437 1450 590 1482 describit.

139 1497 185 1538 (⁴¹)
210 1499 227 1517 ⁹
257 1498 341 1527 Vires
355 1497 399 1527 N
409 1496 457 1531 M,
475 1496 517 1525 M
528 1495 570 1530 L,
587 1493 643 1524 ἃς.
682 1491 841 1528 Quoniam
855 1491 934 1522 vires

96 1539 130 1570 N
147 1539 195 1575 M,
213 1539 253 1570 M
268 1538 298 1568 L
313 1543 387 1568 sunt
409 1537 498 1578 (Cor.
521 1535 588 1575 14.)
610 1541 647 1566 ut
662 1535 707 1565 vis
724 1535 746 1565 S
763 1535 796 1565 K
810 1542 842 1565 et
855 1534 934 1565 ratio

98 1582 129 1612 P
144 1582 174 1612 T
187 1581 228 1612 ad
245 1581 267 1612 S
284 1580 313 1611 Τ
327 1578 528 1620 conjunctim,
547 1587 676 1608 manen-

95 1624 179 1655 tibus
198 1624 230 1654 vi
253 1622 458 1654 SKetST
482 1627 574 1651 erunt
598 1621 677 1650 vires

94 1666 158 1696 illae
186 1672 224 1697 ut
250 1665 355 1696 radius
382 1664 412 1695 T
436 1663 465 1694 P
489 1669 520 1693 et
547 1661 675 1702 proinde

95 1714 187 1740 aucto
200 1708 249 1739 vel
264 1707 420 1738 diminuto
433 1705 519 1736 raclio
526 1706 581 1737 illo
591 1706 620 1736 T
633 1705 672 1741 P,

95 1757 224 1782 manent
236 1751 270 1780 in
291 1749 363 1780 data
385 1749 466 1779 inter
491 1759 523 1778 se
547 1748 673 1784 ratione,

97 1799 129 1825 et
162 1793 321 1834 quoniam*
345 1793 385 1823 ob
418 1790 699 1831 longinquitatem*

189 1836 231 1866 ria
246 1836 269 1867 S
282 1834 322 1872 ad
342 1833 458 1865 similes
477 1834 558 1864 orbis
579 1833 674 1862 varia-

96 1879 167 1910 bilis
183 1879 212 1909 P
228 1878 259 1908 A
276 1878 306 1908 B
333 1876 403 1919 (sed
424 1875 480 1906 sibi
502 1884 621 1913 semper
634 1874 675 1904 si-
750 1865 778 1909 S

97 1921 181 1951 milis
194 1927 226 1951 et
239 1919 327 1960 aeque
340 1917 494 1957 inclinati)
519 1923 620 1956 partes
633 1916 675 1946 si-

98 1963 213 1994 militer
226 1962 419 2003 applicantur
432 1958 674 2000 quamproxime,

98 2005 225 2036 illarum
261 2005 389 2035 effectus
423 2001 571 2041 periodici
607 2002 677 2042 (pet

103 2047 205 2079 Corol.
222 2051 251 2078 2.
271 2047 361 2078 Lem.
378 2046 442 2085 X.)
464 2049 538 2076 sunt
550 2048 588 2074 ut
601 2043 679 2073 viras

99 2090 175 2129 ipsae
190 2095 221 2120 et
234 2088 416 2130 quadratum
432 2086 577 2125 temporis
597 2085 678 2124 peri-

99 2132 184 2164 odici
199 2131 334 2171 corporis
351 2131 380 2162 P
393 2130 511 2160 circum
527 2128 558 2159 T
571 2127 772 2168 conjunctim,
794 2128 854 2158 hoc
878 2133 934 2165 est,

100 2181 138 2205 ut
152 2174 257 2205 radius
272 2175 300 2203 T
319 2174 357 2210 Ρ,
381 2179 412 2202 et
432 2171 616 2212 quadratum
631 2170 778 2209 temporis
791 2170 938 2210 periodici

102 2217 238 2257 corporis
264 2217 294 2247 P
318 2212 561 2256 quamproxime.
610 2212 708 2243 Ροττό
732 2213 759 2243 si
783 2213 816 2241 in
841 2211 939 2242 orbita

103 2259 245 2290 circulari
259 2259 309 2289 vel
330 2257 446 2288 circulo
469 2255 602 2286 finitima
626 2255 654 2285 P
670 2254 702 2286 A
719 2256 760 2293 B,
786 2255 826 2285 sit
850 2264 939 2284 arcus

973 1365 1026 1395 dio
1042 1365 1072 1395 T
1088 1365 1126 1402 P,
1143 1371 1174 1396 et
1187 1371 1326 1404 tempore
1339 1364 1496 1404 pen-indico
1520 1364 1657 1404 corporis
1683 1364 1722 1402 P,
1744 1370 1813 1396 tum

972 1407 1059 1438 radio
1076 1407 1098 1438 S
1115 1408 1154 1444 T.
1169 1413 1261 1447 atque
1277 1408 1306 1438 vi
1320 1408 1463 1438 absoluta
1477 1408 1614 1446 corporis
1639 1408 1672 1444 S,
1698 1418 1815 1438 errores

973 1449 1137 1490 angulares
1161 1450 1297 1488 corporis
1325 1450 1353 1480 P
1378 1450 1418 1480 de
1441 1456 1546 1480 centro
1572 1451 1602 1480 T
1622 1455 1812 1488 apparentes,

975 1498 1068 1522 erunt
1081 1492 1115 1522 in
1130 1492 1261 1532 singulis
1275 1492 1518 1523 revolutionibus
1532 1494 1669 1531 corporis
1683 1491 1769 1521 illius
1786 1492 1814 1523 P

976 1534 1094 1566 circum
1110 1534 1150 1572 Τ,
1165 1534 1198 1564 in
1212 1534 1330 1565 ratione
1345 1544 1383 1565 ex
1398 1535 1478 1565 binis
1492 1535 1701 1574 superioribus
1722 1533 1814 1564 ratio-

1454 2008 1598 2093 ‹1'1›

977 2126 1071 2158 nibus
1084 2126 1263 2166 composita,
1280 2137 1335 2158 seu
1349 2133 1442 2158 erunt
1465 2134 1503 2159 ut
1527 2128 1714 2169 quadratum
1736 2136 1817 2163 tem-

979 2169 1062 2208 poris
1076 2169 1222 2208 periodici
1237 2170 1372 2208 corporis
1389 2170 1426 2205 P,
1443 2169 1557 2201 directe
1575 2177 1607 2201 et
1631 2173 1816 2212 quadratum

981 2212 1127 2250 temporis
1140 2211 1286 2250 periodici
1301 2212 1438 2251 corporis
1454 2213 1491 2248 T,
1507 2212 1636 2244 inverse.

1025 2264 1071 2306 (θ)
1096 2267 1114 2284 ”
1138 2266 1182 2296 Et
1196 2264 1266 2295 inde
1287 2271 1386 2296 motus
1410 2267 1527 2297 medius
1552 2268 1650 2306 augis,
1677 2266 1733 2298 διε.
1782 2267 1816 2299 Si

982 2317 1093 2346 corpus
1107 2307 1235 2347 quodvis
1249 2306 1379 2337 celer-iiis
1393 2315 1425 2338 et
1438 2307 1556 2338 tardius
1579 2309 1630 2339 vel
1651 2308 1684 2338 in
1709 2309 1816 2350 plagas

981 2349 1135 2388 oppositas
1162 2359 1218 2392 per
1245 2349 1326 2380 vices
1353 2357 1522 2387 moveatur,
1552 2350 1638 2380 illius
1672 2351 1817 2382 velocitas

982 2391 1138 2431 aequabilis
1152 2391 1264 2428 media,
1280 2402 1335 2421 seu
1349 2398 1453 2422 motus
1466 2392 1588 2423 medius
1602 2393 1767 2429 obtinetur,
1789 2394 1816 2424 si

982 2433 1116 2472 spatium
1131 2433 1214 2473 quod
1230 2443 1341 2473 corpus
1355 2433 1434 2464 illud
1449 2434 1480 2463 in
1504 2444 1602 2464 unam
1623 2435 1747 2476 plagam
1769 2435 1816 2466 la-

982 2481 1061 2511 tum,
1087 2475 1184 2516 longo
1208 2475 1281 2505 satis
1305 2482 1442 2515 tempore
1464 2476 1623 2515 percurrit,
1652 2487 1708 2517 per
1735 2477 1816 2516 illud

981 2517 1116 2547 notabile
1130 2523 1252 2556 tempus
1274 2517 1435 2548 dividatur.
1481 2518 1568 2549 Hinc
1590 2519 1736 2560 quoniam
1760 2530 1815 2560 ap-

982 2559 1086 2590 sidum
1099 2565 1131 2590 et
1144 2559 1296 2590 nodorum
1309 2560 1549 2590 motus=tardior
1570 2567 1601 2591 et
1622 2561 1750 2592 celerior
1769 2569 1817 2593 est

982 2612 1038 2641 per
1051 2602 1141 2638 vices,
1157 2611 1302 2642 nuncque
1315 2602 1348 2632 in
1362 2602 1581 2640 antecedentia,
1598 2613 1683 2634 nunc
1696 2604 1730 2634 in
1741 2614 1815 2634 con-

983 2643 1144 2684 sequentia
1164 2643 1210 2680 fit,
1234 2644 1390 2675 invenitur
1415 2644 1540 2674 illorum
1564 2652 1669 2676 motus
1693 2646 1816 2676 medius

107 2303 142 2333 D
156 2301 178 2332 d
192 2311 276 2332 orror
295 2299 420 2331 linearis
440 2298 615 2339 periodicus
635 2307 664 2327 v.
682 2307 728 2338 gr.
752 2296 827 2327 nodi
850 2297 884 2327 D
905 2296 939 2325 in

106 2344 318 2375 antecedentia
331 2343 371 2374 ad
385 2342 406 2372 d
419 2340 551 2382 regressi
562 2346 703 2378 tempore
712 2340 808 2370 unius
815 2338 938 2368 revolu-

106 2387 200 2419 tionis
214 2386 348 2426 oorporis
363 2385 392 2416 P
407 2384 524 2415 circum
540 2383 579 2418 T,
592 2381 727 2422 angulus
744 2383 778 2413 D
794 2382 824 2412 T
838 2380 869 2417 d,
882 2382 940 2411 sub

107 2439 171 2470 quo
179 2439 262 2459 error
272 2429 325 2459 ille
334 2427 392 2458 Dd
404 2427 421 2458 e
431 2432 535 2457 centro
543 2425 573 2456 T
579 2423 709 2462 videtur,
719 2426 779 2455 hoc
790 2430 844 2462 est,
857 2433 940 2453 error

512 2471 516 2476 -
537 2506 583 2524 =
602 2466 690 2550 1,Βέ
707 2492 812 2535 (154).
845 2492 940 2523 Erro-

108 2575 158 2596 res
172 2565 268 2596 isritur
281 2563 443 2603 angulares
455 2561 601 2602 periodici
615 2567 689 2592 sunt
709 2568 746 2591 ut
767 2569 883 2591 errores
903 2558 941 2589 li-

110 2597 219 2638 necares
243 2605 357 2637 directe
381 2611 413 2636 et
436 2604 541 2635 radius
562 2604 593 2634 T
609 2604 642 2635 D
656 2603 707 2634 vel
722 2603 752 2634 T
768 2603 797 2633 P
811 2601 939 2638 inverse,

110 2648 247 2690 adeeque
260 2655 297 2679 ut
310 2647 494 2689 quadratum
507 2646 652 2686 temporis
665 2645 813 2685 periodici
834 2654 942 2684 corpo-

108 2496 267 2539 angularis
280 2494 454 2535 periodicas
467 2494 525 2525 erit

110 2692 155 2722 ris
170 2691 199 2722 P
211 2688 453 2733 quamproxime.
500 2689 546 2719 Et
559 2689 626 2719 haec
640 2687 765 2728 quidem
776 2697 848 2718 vera
857 2692 940 2722 sunt,

111 2733 262 2764 sumtibus
275 2733 306 2763 vi
319 2731 460 2763 absoluta
474 2730 608 2770 corporis
624 2730 646 2761 S
660 2736 692 2760 et
708 2729 852 2760 distanti&
875 2729 897 2759 S
913 2729 943 2759 T

112 2783 145 2807 et
158 2775 344 2815 variantibus
357 2774 443 2805 radio
464 2774 493 2804 T
510 2773 539 2804 P
564 2783 600 2803 ac
624 2778 764 2811 tempore
787 2771 944 2811 periodico

113 2817 248 2858 corporis
264 2817 313 2855 P;
334 2827 442 2846 verum
456 2815 607 2846 stantibus
621 2814 708 2845 radio
723 2814 754 2844 T
770 2814 799 2844 P
813 2819 845 2844 et
865 2819 943 2844 tern-

112 2871 187 2900 pore
200 2859 354 2899 periodico
368 2858 501 2898 corporis
518 2858 546 2888 P
561 2863 592 2887 et
605 2856 792 2888 variantibus
805 2856 836 2886 vi
857 2857 944 2886 abso-

114 2903 181 2933 luta
195 2901 328 2941 corporis
344 2901 366 2931 S
379 2906 471 2940 atque
484 2899 627 2931 distantia
645 2900 667 2930 S
679 2899 717 2935 T,
734 2909 850 2929 errores
863 2897 942 2938 peri-

114 2945 195 2975 odici
208 2950 278 2974 tum
291 2943 429 2978 lineares,
444 2949 513 2973 tum
537 2941 701 2983 angulares
725 2947 798 2971 sunt
820 2940 940 2982 (Corol.

119 2987 186 3026 14.)
211 2984 364 3025 reciproce
378 2990 414 3014 ut
427 2984 610 3025 quadratum
632 2984 777 3023 temporis
798 2982 943 3023 periodici

118 3029 254 3069 corporis
269 3029 298 3058 T
313 3027 428 3058 circum
446 3027 479 3064 S,
493 3026 587 3067 quare
601 3027 788 3058 variantibus
810 3032 877 3056 tum
896 3035 943 3054 ra-

984 2686 1151 2727 angulariS,
1167 2686 1192 2716 si
1206 2686 1339 2726 spatium
1354 2686 1502 2728 angulare
1515 2692 1626 2725 totum,
1642 2688 1727 2729 quod
1742 2688 1813 2728 plu-

983 2729 1066 2758 rium
1081 2728 1307 2758 revolutionum
1329 2729 1462 2768 corporis
1490 2729 1518 2759 P
1540 2735 1678 2769 tempore
1702 2729 1815 2760 descri-

984 2773 1073 2805 bunt,
1089 2780 1144 2809 per
1157 2770 1238 2800 illud
1257 2776 1380 2810 tempus
1401 2770 1565 2803 dividatur.
1612 2770 1718 2808 Qua-re
1741 2782 1814 2803 cum

986 2820 1089 2844 motus
1103 2812 1259 2853 angularis
1273 2813 1446 2851 periodicus
1460 2813 1550 2854 augis
1564 2819 1596 2844 et
1608 2813 1762 2845 nodorum
1776 2815 1816 2845 sit

988 2858 1041 2897 (ex
1059 2855 1170 2894 Dem.)
1187 2861 1223 2885 ut
1237 2855 1420 2895 quadratum
1434 2855 1579 2894 temporis
1591 2855 1738 2896 periodici
1748 2867 1815 2888 eor-

983 2898 1066 2938 poris
1082 2898 1111 2927 P
1124 2896 1246 2934 directe,
1269 2903 1301 2927 et
1313 2897 1497 2937 quadratum
1511 2899 1657 2938 temporis
1669 2899 1815 2939 periodici

986 2940 1121 2979 corporis
1135 2940 1163 2969 T
1178 2938 1304 2974 inverse,
1330 2940 1355 2969 si
1379 2939 1457 2970 ratio
1481 2940 1549 2970 haec
1573 2942 1740 2983 composita
1759 2952 1816 2981 per

987 2990 1109 3021 tempus
1122 2981 1311 3020 pei-indicum
1325 2981 1460 3021 corporis
1475 2982 1504 3012 P
1518 2981 1631 3022 pluries
1655 2990 1814 3023 sumptum

988 3024 1151 3059 dividatur,
1169 3024 1226 3054 erit
1239 3024 1381 3065 quotiens
1394 3034 1449 3055 seu
1463 3030 1567 3056 motus
1581 3024 1700 3055 medius
1714 3036 1813 3067 angu-
