2086 3542
163 279 313 323 me
328 262 544 334 ancsss]
591 280 915 335 PRmclmA
947 275 1439 346 ΜΆΤΗΕΜΑΤΙΟΑ.

162 407 209 425 =
233 393 261 427 F
283 395 311 427 C
332 407 343 434 z
367 395 402 428 E
423 396 471 433 03
497 399 571 436 ergo
591 396 703 427 ultima
723 406 846 427 summa
873 402 993 428 rectan-

159 437 307 477 gulorum
332 438 579 469 evanescentium
603 444 640 468 ut
664 439 694 469 N
712 438 751 475 L,
776 438 816 468 ad
839 449 992 470 summam

158 480 418 520 rectangulonm,
435 481 681 510 evanescentium
696 486 733 510 ut
749 481 781 511 N
798 481 840 518 Ο,
863 482 923 512 hoc
936 486 992 518 est,

158 531 229 552 area
242 522 348 552 circuli
368 521 406 552 ad
429 520 685 561 amam-Enipsis
712 524 782 563 (per
798 523 887 553 Lem.
908 523 990 562 IV.)

158 563 308 594 rationem
321 564 412 594 habet
426 564 567 594 semiaxis
582 565 607 596 F
624 565 662 602 C,
685 565 725 595 ad
746 564 877 596 alterum
898 565 990 596 seini-

156 615 247 637 axem
264 606 295 637 F.
314 605 350 637 C.
400 606 442 642 Q.
461 617 488 636 e.
507 607 539 637 d.

199 667 270 694 248.
299 666 392 696 Corol.
422 667 449 694 1.
492 664 581 695 Idem
605 664 713 696 eodem
743 663 867 704 prorsus
896 664 991 695 modo

155 705 388 742 demonstramr‚
419 706 445 736 si
474 707 503 737 A«
528 707 555 737 F
580 708 607 737 B
631 707 726 738 fuerit
752 707 881 747 Ellipsis
903 717 988 738 com-

155 758 283 779 munem
298 758 387 780 axem
404 748 434 778 A
450 749 490 786 Β,
506 750 622 780 habens
636 760 708 780 cum
725 749 838 790 Ellipsi
856 750 886 779 A
899 750 928 779 E
945 750 984 780 Β.

157 789 202 821 Et
229 791 399 831 generatim
429 789 500 821 duae
528 792 644 832 quaevis
675 791 785 833 figurae
824 792 854 822 A
887 791 914 822 F
945 792 984 827 B,

159 833 189 863 A
209 833 237 863 E
256 833 296 868 B,
313 843 444 874 quarum
459 834 683 865 semiordinatae
701 836 735 870 Q
749 834 791 870 N,
809 834 839 865 T
855 834 898 870 N,
915 840 988 864 sunt

155 874 186 904 in
201 874 271 905 data
283 877 400 906 ratione
414 882 446 906 et
459 886 590 916 quarum
603 883 648 907 est
658 876 831 907 communis
840 876 988 906 diameter

157 918 186 947 A
206 917 244 952 B,
261 923 334 948 sunt
348 918 428 948 inter
442 919 520 948 sein
541 919 658 950 ratione
679 918 751 950 data
772 918 984 954 ordinatarum

159 959 193 996 Q
209 960 250 998 N,
270 960 299 990 T
311 960 354 991 N.

196 1020 267 1047 249.
296 1020 391 1050 Corol.
410 1023 439 1049 2.
476 1018 560 1050 Area
587 1018 694 1050 circuli
722 1019 811 1059 cujus
838 1018 986 1049 diameter

153 1066 200 1090 est
228 1059 348 1090 medius
375 1061 607 1100 proportionalis
634 1062 716 1092 inter
743 1062 822 1091 duos
854 1061 983 1100 Ellipsis

152 1112 225 1132 axes
239 1103 364 1143 aequaiis
379 1109 424 1134 est
437 1114 515 1134 areae
532 1103 667 1142 Ellipsis.
719 1104 803 1134 Nam
818 1104 858 1134 sit
880 1104 910 1134 E
931 1104 956 1134 C
972 1115 986 1134 .-

156 1147 187 1174 st
202 1157 247 1173 =
266 1146 296 1175 R
311 1158 318 1175 ι
341 1145 368 1175 F
381 1146 418 1182 C,
434 1152 464 1176 et
478 1145 564 1176 radio
582 1147 621 1181 R,
637 1145 824 1176 describatur
838 1146 981 1183 circulus,

153 1187 237 1217 illius
258 1187 364 1217 circuli
378 1198 457 1223 area,
480 1188 538 1219 erit
551 1188 591 1218 ad
605 1198 706 1218 aream
721 1188 828 1218 circuii
847 1190 877 1219 A
898 1189 923 1218 F
942 1189 982 1226 B,

155 1235 192 1260 ut
210 1230 335 1260 'R2ad
355 1230 465 1267 Fc2,
489 1228 628 1271 adeoque
653 1237 689 1260 ut
715 1231 744 1261 E
771 1232 796 1261 C
823 1232 863 1262 ad
889 1231 982 1270 FC;

159 1271 266 1307 Quare
288 1282 359 1302 cum
384 1272 512 1312 Ellipsis
530 1274 558 1303 A
577 1273 607 1303 E
626 1273 666 1310 B,
690 1272 820 1303 eandem

154 1315 264 1345 habeat
286 1315 435 1345 rationem
463 1315 503 1345 ad
527 1315 680 1346 circulum
698 1316 728 1345 A
748 1315 774 1346 F
793 1316 821 1346 B

155 1358 262 1399 (247),
291 1357 491 1388 manifestum
517 1363 563 1388 est
587 1367 689 1387 aream
716 1357 822 1388 circuli

154 1398 243 1430 radio
268 1399 309 1436 R,
332 1399 474 1439 descripti
495 1399 646 1441 aequalem
662 1409 726 1431 esse
741 1409 819 1430 areae

157 1439 286 1481 Euipsis
303 1442 334 1472 A
351 1441 381 1472 E
401 1442 440 1472 Β.

193 1502 266 1530 250.
300 1501 394 1531 Comi.
419 1503 450 1530 3.
494 1500 653 1536 Quoniam
681 1501 713 1531 R
736 1501 752 1519 ²
776 1512 822 1530 =

154 1540 182 1571 F
199 1541 226 1572 C
244 1545 277 1578 χ
298 1541 328 1571 Ε
347 1541 384 1579 C,
407 1548 439 1572 et
452 1551 531 1572 areae
545 1542 732 1573 cirmlorum
747 1549 822 1573 sunt

152 1589 189 1613 ut
203 1583 361 1614 radiorum
374 1584 533 1624 quadrata,
550 1591 642 1615 erunt
664 1594 743 1615 aren
762 1585 822 1615 El-

151 1625 277 1665 lipsium
293 1632 329 1656 ut
342 1626 448 1656 axium
463 1627 653 1667 rectangula.

193 1685 266 1714 251.
293 1685 387 1715 Corol.
405 1687 434 1714 4.
470 1683 560 1714 Patet
584 1684 676 1714 etiam
703 1684 736 1714 in
762 1684 823 1715 El-

150 1725 280 1765 lipsibus
294 1725 342 1756 vel
357 1725 457 1764 ellipsi
472 1732 503 1756 et
517 1726 633 1757 circulo
649 1733 705 1757 aut
729 1727 824 1758 etiam

152 1767 184 1797 in
199 1767 386 1808 quibuslibet
400 1767 500 1798 curvis
513 1779 647 1808 quarum
673 1769 826 1800 ordinatae

155 1810 189 1847 Q
204 1810 246 1847 N,
266 1810 296 1841 T
314 1810 354 1845 N,
371 1810 474 1841 datam
483 1811 598 1842 habent
612 1811 775 1846 rationem,
796 1817 828 1842 et

151 1862 283 1894 quarum
305 1857 351 1883 est
371 1852 519 1883 diameter
539 1853 717 1884 communis
738 1855 765 1884 A
784 1855 825 1890 Β,

151 1905 254 1925 aream
266 1895 305 1925 M
316 1895 346 1925 R
357 1895 396 1931 B,
407 1905 471 1926 esse
481 1895 522 1925 ad
532 1906 634 1926 aream
646 1905 826 1935 correspon-

153 1937 278 1967 dentem
295 1936 334 1967 M
351 1937 380 1968 P
397 1938 436 1974 Β,
460 1943 498 1968 ut
511 1943 557 1968 est
573 1938 603 1968 E
621 1939 658 1973 C,
680 1938 720 1969 ad
738 1939 765 1969 F
783 1939 820 1976 C,

153 1989 207 2009 seu
223 1986 263 2010 ut¹
284 1980 315 2010 R,
332 1979 370 2010 M
391 1980 431 2010 ad
455 1980 483 2010 P
500 1981 560 2018 M3
587 1980 641 2011 sed
659 1980 762 2011 ductis
783 1991 821 2011 ex

152 2031 347 2062 quocumque
361 2021 501 2053 diametri
515 2028 630 2062 puncto
648 2023 679 2060 S,
701 2023 791 2054 rectis
809 2023 830 2054 S
847 2023 880 2057 P,
901 2024 922 2055 S
941 2023 981 2057 R,

153 2063 524 2105 estssetiamatriangulum
551 2065 573 2095 S
596 2065 636 2095 M
661 2066 700 2100 R,
726 2065 766 2096 ad
791 2066 983 2106 triangulum

157 2106 178 2135 S
203 2106 240 2135 M
265 2106 300 2142 P,
329 2111 365 2136 ut
395 2106 432 2137 M
458 2107 490 2137 R.
517 2107 558 2136 ad
587 2107 626 2137 M
651 2107 690 2145 P,
720 2109 760 2137 ob
784 2118 982 2148 communem

152 2148 311 2186 utriusque
321 2147 467 2187 trianguli
478 2148 673 2179 altitudinem
685 2150 719 2180 M
737 2150 758 2180 S
770 2162 779 2187 ;
796 2150 870 2191 ergo
886 2148 982 2181 s'cctor

156 2190 224 2220 S·B
243 2190 284 2225 R,
307 2196 352 2220 est
366 2189 406 2220 ad
419 2195 567 2221 sectorem
583 2191 606 2222 S
623 2192 652 2223 B
671 2192 709 2230 P,
731 2192 765 2222 in
779 2193 895 2223 ratione
910 2191 984 2223 data

154 2231 186 2262 E
204 2232 242 2270 C,
257 2230 297 2263 ad
313 2231 340 2263 F
357 2232 393 2263 C.

246 2359 250 2364 '
294 2351 340 2401 Ρ

203 2937 274 2965 252.
298 2936 403 2967 Theor-
440 2937 577 2976 Corpora
591 2938 654 2968 duo
672 2937 709 2975 P,
725 2948 757 2977 p,
779 2938 860 2968 circa
873 2937 986 2968 virium

160 2983 265 3006 centra
289 2977 327 3014 C,
348 2988 376 3014 c,
398 2980 592 3017 revolvendo,
609 2981 722 3011 orbitas
739 2980 768 3010 P
784 2981 818 3016 Q
834 2981 872 3016 B,
888 2991 908 3019 p
923 2991 941 3019 q
957 2982 988 3016 b,

159 3018 350 3056 describant;
365 3026 487 3060 tempus
496 3022 685 3060 periodicum
701 3023 734 3052 in
745 3022 843 3052 orbita
861 3023 888 3053 P
903 3023 937 3058 Q
949 3023 988 3057 B,

159 3067 207 3091 est
239 3061 278 3092 ad
314 3067 435 3101 tempus
469 3063 658 3102 periodicum
694 3065 727 3094 in
762 3064 857 3095 altera
891 3062 992 3095 orbiti

1786 287 1867 341 1¹5.

1031 395 1131 436 qu,
1162 400 1196 425 ut
1220 405 1291 426 area
1316 395 1345 425 P
1369 396 1404 431 Q
1425 395 1454 425 B
1481 395 1518 431 P,
1543 394 1584 425 ad
1608 405 1709 426 aream
1732 398 1866 437 qup,

1031 436 1146 468 directe
1161 443 1192 468 et
1200 431 1378 478 ,sectores-'P
1394 437 1421 467 C
1441 437 1483 473 Q,
1499 447 1521 475 p
1535 447 1552 467 c
1566 447 1597 477 q,
1613 438 1705 467 simul
1722 438 1865 479 descripti

1030 479 1299 511 inverse—Dem-
1349 479 1402 510 Ob
1422 479 1605 519 aequabilem
1625 490 1765 510 arearum
1787 482 1867 512 circa

1030 529 1135 552 centra
1152 523 1189 559 C,
1199 532 1226 558 c,
1243 521 1478 561 descriptionem
1492 521 1603 563 (Prop.
1620 521 1668 561 Ι.)
1681 528 1802 562 tempus
1813 534 1866 562 pe.

1029 564 1180 595 riodicum
1198 564 1237 602 T,
1259 564 1292 594 in
1317 565 1392 595 orbe
1414 564 1443 594 P
1462 563 1495 600 Q
1512 563 1551 599 Β,
1574 569 1621 594 est
1642 564 1682 594 ad
1703 570 1824 603 tempus
1839 572 1862 600 t,

1028 616 1091 647 quo
1105 607 1285 638 describitur
1299 612 1396 637 sector
1412 606 1442 636 P
1454 606 1479 637 C
1493 606 1535 642 Q,
1551 612 1587 636 ut
1601 616 1671 636 area
1686 606 1713 637 P
1729 607 1762 642 Q
1783 608 1811 637 B
1825 608 1862 644 P,

1028 649 1068 680 ad
1091 655 1239 680 sectorem
1263 649 1292 679 P
1309 649 1336 681 C
1353 649 1394 684 Q,
1419 654 1451 679 et
1471 647 1612 679 similiter
1625 655 1748 688 tempus
1763 655 1785 686 t,
1801 659 1865 689 quo

1027 691 1209 726 describitur
1236 697 1334 722 sector
1362 701 1383 731 p
1407 701 1428 732 q
1455 701 1483 727 c,
1516 697 1563 721 est
1590 690 1630 721 ad
1656 697 1782 730 tempus
1810 702 1863 731 pe-

1027 734 1180 765 riodicum
1195 736 1219 771 θ,
1246 734 1280 764 in
1302 735 1375 765 orbe
1395 744 1416 773 p
1430 744 1450 774 q
1464 735 1493 769 b,
1522 740 1559 764 ut
1584 738 1684 764 sector
1705 744 1725 772 p
1740 743 1758 764 c
1771 743 1800 773 q.
1824 734 1864 764 ad

1026 777 1309 817 areamqup,
1337 775 1864 812 hocestT2t=PQBP

1025 828 1112 849 aree:
1142 819 1213 850 PC
1233 819 1275 855 Q,
1297 824 1329 849 et
1349 825 1385 849 t:
1404 821 1605 862 d=pcqz
1624 828 1680 858 pq
1701 819 1756 857 bp
1778 829 1859 855 area,

1025 860 1111 892 unde
1131 871 1187 900 per
1207 861 1463 900 compositionem
1484 860 1639 891 rationum
1661 866 1693 890 et
1713 869 1750 890 ex
1773 871 1863 901 aequo

1027 903 1079 981 ἔτ
1099 903 1310 976 θῗΡΩΒ
1329 903 1716 944 Pxpcquqbpx
1735 903 1860 939 PCQ.

1089 956 1116 975 e.
1158 967 1167 976 .

1065 1021 1137 1049 255.
1159 1018 1191 1049 Si
1206 1027 1332 1057 corpora
1346 1017 1411 1048 duo
1426 1017 1563 1057 Ellipses
1581 1018 1611 1048 A
1627 1017 1654 1048 E
1670 1019 1709 1054 Β,
1730 1018 1758 1048 Α
1778 1017 1805 1048 F
1819 1018 1859 1053 Β,

1022 1071 1154 1101 quarum
1169 1067 1214 1091 est
1224 1061 1290 1091 axis
1303 1061 1477 1091 communis
1492 1061 1523 1090 A
1539 1061 1579 1097 B,
1597 1061 1778 1096 describant,
1789 1059 1861 1090 xari-

1022 1105 1081 1133 bus
1115 1102 1153 1133 ad
1191 1110 1333 1133 centrum
1378 1103 1546 1142 Ellipsium
1587 1103 1613 1134 C
1651 1102 1860 1136 tendentibus,

1022 1151 1160 1184 tempora
1174 1145 1329 1184 periodica
1350 1152 1442 1175 erunt
1461 1145 1743 1185 aequalia—Dent..
1793 1145 1863 1175 Sint

1022 1198 1112 1218 arcus
1135 1189 1165 1217 A
1190 1188 1231 1224 R,
1263 1188 1293 1217 A
1312 1188 1353 1224 G,
1379 1187 1572 1218 infinitesimi
1593 1187 1702 1218 eodem
1718 1194 1863 1224 tempore

1021 1230 1172 1270 descripti,
1200 1230 1231 1260 A
1251 1229 1284 1266 Q
1303 1236 1434 1271 tangens
1459 1230 1499 1261 ad
1525 1230 1669 1261 vertIcem
1696 1231 1738 1267 A,
1767 1230 1800 1267 Q
1818 1230 1857 1266 R,

1808 1873 1852 1935 B

1028 2022 1062 2053 D
1086 2021 1127 2058 G,
1154 2021 1204 2051 axi
1234 2021 1264 2052 A
1289 2021 1329 2058 B,
1361 2020 1524 2060 parallelae,
1554 2025 1586 2050 et
1611 2019 1758 2059 quoniam
1781 2018 1860 2048 vires

1024 2064 1173 2095 centn-ales
1186 2069 1260 2094 sunt
1274 2070 1310 2094 ut
1327 2063 1360 2099 Q
1376 2064 1418 2100 R,
1444 2063 1478 2094 D
1497 2063 1528 2093 G
1546 2063 1656 2104 (Prop.
1679 2061 1758 2099 VI.)
1775 2066 1807 2091 et
1820 2061 1860 2090 ob

1025 2116 1223 2136 communem
1246 2105 1422 2136 distantiam
1447 2115 1467 2136 a
1491 2111 1597 2135 centro
1614 2105 1645 2134 A
1665 2105 1701 2141 C,
1729 2103 1861 2143 aequaies

1027 2154 1100 2178 sunt
1114 2149 1201 2185 vires
1225 2158 1280 2178 seu
1296 2147 1404 2178 eadem
1419 2147 1464 2177 vis
1479 2147 1592 2189 (Prop.
1613 2147 1678 2186 X.)
1703 2145 1760 2176 erit
1778 2145 1812 2181 Q
1829 2146 1859 2174 R

1025 2203 1071 2219 =
1090 2191 1123 2221 D
1148 2191 1188 2226 G,
1216 2196 1346 2221 sectores
1370 2188 1442 2221 vero
1467 2191 1496 2219 A
1515 2189 1541 2219 C
1561 2190 1601 2226 G,
1628 2189 1657 2219 A
1677 2189 1703 2219 C
1722 2188 1763 2224 R,
1785 2192 1860 2217 sunt

1025 2239 1061 2263 ut
1079 2233 1108 2263 G
1126 2233 1174 2267 M,
1202 2233 1233 2263 R
1249 2233 1297 2267 M,
1321 2243 1377 2263 seu
1400 2232 1430 2262 E
1449 2232 1486 2267 C,
1506 2231 1532 2262 F
1550 2231 1585 2266 C,
1605 2231 1710 2272 (251),
1734 2236 1765 2260 et
1779 2239 1858 2260 areae

1027 2275 1196 2314 Ellipsium
1214 2275 1245 2305 A
1263 2275 1292 2305 E
1311 2275 1351 2312 B,
1371 2274 1402 2305 A
1421 2274 1447 2304 F
1465 2274 1504 2311 Β,
1521 2280 1595 2303 sunt
1609 2273 1701 2303 etiam
1717 2278 1754 2302 ut
1770 2271 1800 2301 E
1819 2271 1858 2308 C,
1901 2303 1903 2305 ,

1028 2316 1055 2347 F
1073 2318 1221 2366 C,3(2⁴7,
1238 2317 1328 2356 248.)
1351 2316 1446 2356 quare
1461 2326 1534 2347 cum
1549 2313 1856 2354 tempor-aperiodica

1025 2359 1059 2388 in
1081 2359 1142 2389 illis
1165 2359 1336 2398 Ellipsibus
1349 2359 1412 2388 sint
1425 2364 1462 2388 ut
1475 2367 1554 2388 areae
1574 2358 1601 2387 A
1620 2357 1650 2387 E
1672 2357 1709 2392 B,
1736 2356 1765 2385 A
1785 2355 1812 2386 F
1829 2355 1858 2386 Β

1026 2401 1139 2431 directe
1164 2407 1195 2431 et
1219 2404 1350 2431 sectores
1381 2400 1411 2431 A
1436 2401 1463 2430 C
1487 2400 1528 2434 G,
1559 2399 1642 2429 A'C
1668 2399 1707 2429 R„
1737 2397 1858 2428 inverse

1027 2443 1133 2483 (252.)
1157 2449 1247 2472 erunt
1261 2441 1376 2472 eaedeni
1390 2448 1427 2471 ut
1445 2442 1475 2472 E
1494 2442 1520 2471 C
1535 2440 1575 2470 ad
1593 2440 1620 2470 F
1637 2441 1663 2470 C
1679 2438 1800 2474 directe,
1823 2445 1858 2482 et

1029 2485 1059 2515 E
1078 2486 1103 2516 C
1119 2485 1158 2515 ad
1176 2485 1203 2514 F
1221 2483 1464 2519 Ciuversemoc
1479 2489 1531 2516 est,
1549 2489 1585 2512 ut
1602 2482 1718 2518 Ecx
1737 2482 1858 2512 Fcad

1029 2528 1057 2558 F
1074 2528 1100 2558 C
1118 2532 1151 2565 χ
1172 2527 1201 2558 Ε
1220 2527 1257 2564 C,
1279 2537 1315 2557 ac
1337 2524 1465 2566 proinde
1478 2525 1510 2555 in
1526 2524 1642 2555 ratione
1664 2523 1854 2565 aequalitatis.

1030 2571 1071 2607 Q.
1090 2581 1116 2601 e.
1135 2570 1165 2600 d.
1752 2570 1754 2575 ’

1070 2641 1144 2670 254.
1174 2637 1238 2668 His
1251 2636 1357 2677 positis
1369 2635 1460 2678 facile
1480 2638 1708 2667 demonstratur
1728 2637 1858 2676 aequalia

1026 2692 1088 2713 esse
1108 2682 1328 2712 revolutionum
1343 2682 1378 2711 in
1394 2681 1558 2722 Ellipsibus
1579 2680 1725 2710 universis
1740 2681 1859 2710 circum

1026 2730 1168 2756 centrum
1209 2725 1287 2754 idem
1317 2724 1482 2763 fite-tarum
1519 2722 1672 2761 periodica
1710 2724 1856 2761 tempan-

1029 2767 1113 2798 Nam
1138 2765 1209 2796 duae
1229 2764 1343 2805 quaevis
1362 2764 1485 2803 ellipsoe
1506 2764 1587 2793 circa
1611 2763 1694 2793 idem
1717 2768 1859 2794 centrum

1028 2809 1187 2848 descriptae
1213 2807 1353 2838 dicantur
1376 2810 1417 2841 A,
1442 2813 1474 2836 et
1498 2806 1538 2842 B,
1561 2805 1749 2836 describatur
1769 2805 1859 2836 tertia

1030 2851 1160 2890 Ellipsis
1187 2851 1224 2887 C,
1249 2849 1358 2879 similis
1386 2847 1497 2887 Ellipsi
1523 2848 1565 2883 A,
1592 2853 1624 2878 et
1644 2857 1740 2882 axem
1758 2857 1860 2878 unum

1029 2903 1227 2925 communem
1256 2893 1371 2928 habens
1399 2900 1471 2921 cum
1502 2889 1616 2928 Ellipsi
1649 2890 1688 2926 Β,
1722 2895 1861 2933 tempora

1029 2936 1182 2976 periodica
1203 2935 1236 2965 in
1260 2933 1431 2972 Ellipsibus
1453 2932 1604 2962 similibus
1620 2933 1650 2962 A
1673 2938 1706 2962 et
1729 2932 1766 2967 C,
1788 2939 1861 2963 sunt

1030 2978 1158 3018 aequalia
1180 2979 1250 3017 (per
1274 2976 1376 3006 Corol.
1396 2979 1426 3006 3.
1444 2981 1475 3005 et
1490 2977 1519 3004 8.
1541 2974 1633 3013 Prop.
1654 2975 1858 3014 IV..Newt.)

1029 3027 1062 3050 et
1074 3027 1213 3058 tempora
1228 3018 1380 3058 periodica
1394 3017 1425 3047 in
1441 3017 1598 3056 ellipsibus
1611 3016 1649 3053 C,
1665 3024 1697 3048 et
1714 3017 1753 3051 B,
1770 3027 1860 3047 axem

1030 3062 1160 3094 alterum
1171 3059 1370 3092 communem
1378 3060 1562 3091 habentibus
1571 3065 1646 3090 sunt.
1655 3060 1748 3090 etiam
1758 3070 1860 3100 aequa·

973 3120 1045 3150 He
