<?xml version="1.0" encoding="UTF-8"?>
<!DOCTYPE html PUBLIC "-//W3C//DTD XHTML 1.0 Transitional//EN"
    "http://www.w3.org/TR/xhtml1/DTD/xhtml1-transitional.dtd">
<html xmlns="http://www.w3.org/1999/xhtml" xml:lang="en" lang="en">
 <head>
  <title>
</title>
<meta http-equiv="Content-Type" content="text/html;charset=utf-8" />
  <meta name='ocr-system' content='tesseract 3.04.00' />
  <meta name='ocr-capabilities' content='ocr_page ocr_carea ocr_par ocr_line ocrx_word'/>
</head>
<body>
  <div class='ocr_page' id='page_1' title='image "./philosophiaenatu01newtuoft_0027.png"; bbox 0 0 2158 3562; ppageno 0'>
   <div class='ocr_carea' id='block_1_1' title="bbox 834 231 1871 289">
    <p class='ocr_par' dir='ltr' id='par_1_1' title="bbox 834 231 1871 289">
     <span class='ocr_line' id='line_1_1' title="bbox 834 231 1871 289; baseline -0.003 -13"><span class='ocrx_word' id='word_1_1' title='bbox 834 286 835 289; x_wconf 8' lang='grc' dir='ltr'><strong>Ἴ</strong></span> <span class='ocrx_word' id='word_1_2' title='bbox 858 231 1213 276; x_wconf 60' lang='lat' dir='ltr'><strong>PRAEFATIO.</strong></span> <span class='ocrx_word' id='word_1_3' title='bbox 1383 232 1388 237; x_wconf 61' lang='grc'><em>“</em></span> <span class='ocrx_word' id='word_1_4' title='bbox 1766 231 1871 274; x_wconf 80' lang='lat' dir='ltr'><strong>xxiii</strong></span> 
     </span>
    </p>
   </div>
   <div class='ocr_carea' id='block_1_2' title="bbox 119 330 1917 2990">
    <p class='ocr_par' dir='ltr' id='par_1_2' title="bbox 153 330 1885 542">
     <span class='ocr_line' id='line_1_2' title="bbox 153 330 1885 406; baseline -0.003 -9"><span class='ocrx_word' id='word_1_5' title='bbox 153 364 251 398; x_wconf 75' lang='lat' dir='ltr'><strong>-tem</strong></span> <span class='ocrx_word' id='word_1_6' title='bbox 261 353 370 395; x_wconf 83' lang='lat' dir='ltr'><strong>hanc</strong></span> <span class='ocrx_word' id='word_1_7' title='bbox 388 350 574 394; x_wconf 79' lang='lat' dir='ltr'><strong>fabula&#39;m&#39;</strong></span> <span class='ocrx_word' id='word_1_8' title='bbox 591 349 855 406; x_wconf 84' lang='lat' dir='ltr'><strong>rejiciendam</strong></span> <span class='ocrx_word' id='word_1_9' title='bbox 869 358 957 391; x_wconf 86' lang='lat' dir='ltr'><strong>esse&#39;</strong></span> <span class='ocrx_word' id='word_1_10' title='bbox 970 356 1102 404; x_wconf 81' lang='lat' dir='ltr'><strong>putet,</strong></span> <span class='ocrx_word' id='word_1_11' title='bbox 1123 347 1235 389; x_wconf 91' lang='lat' dir='ltr'><strong>idem</strong></span> <span class='ocrx_word' id='word_1_12' title='bbox 1254 354 1297 389; x_wconf 89' lang='lat' dir='ltr'><strong>et</strong></span> <span class='ocrx_word' id='word_1_13' title='bbox 1311 347 1482 388; x_wconf 85' lang='lat' dir='ltr'><strong>alteram</strong></span> <span class='ocrx_word' id='word_1_14' title='bbox 1495 346 1676 389; x_wconf 87' lang='lat' dir='ltr'><strong>fabulam</strong></span> <span class='ocrx_word' id='word_1_15' title='bbox 1691 349 1846 405; x_wconf 83' lang='lat' dir='ltr'><strong>rejiciet</strong></span> <span class='ocrx_word' id='word_1_16' title='bbox 1859 330 1885 390; x_wconf 13' lang='lat' dir='ltr'><strong>:i</strong></span> 
     </span>
     <span class='ocr_line' id='line_1_3' title="bbox 163 417 1870 476; baseline -0.005 -8"><span class='ocrx_word' id='word_1_17' title='bbox 163 440 262 468; x_wconf 88' lang='lat' dir='ltr'><strong>nam</strong></span> <span class='ocrx_word' id='word_1_18' title='bbox 281 439 406 467; x_wconf 90' lang='lat' dir='ltr'><strong>ovum</strong></span> <span class='ocrx_word' id='word_1_19' title='bbox 424 438 510 465; x_wconf 93' lang='lat' dir='ltr'><strong>non</strong></span> <span class='ocrx_word' id='word_1_20' title='bbox 530 431 593 465; x_wconf 84' lang='lat' dir='ltr'><strong>est</strong></span> <span class='ocrx_word' id='word_1_21' title='bbox 613 437 693 464; x_wconf 92' lang='lat' dir='ltr'><strong>ovo</strong></span> <span class='ocrx_word' id='word_1_22' title='bbox 713 421 899 471; x_wconf 87' lang='lat' dir='ltr'><strong>similius,</strong></span> <span class='ocrx_word' id='word_1_23' title='bbox 930 419 1055 476; x_wconf 76' lang='lat' dir='ltr'><strong>quam</strong></span> <span class='ocrx_word' id='word_1_24' title='bbox 1081 418 1320 475; x_wconf 86' lang='lat' dir='ltr'><strong>hypothesis</strong></span> <span class='ocrx_word' id='word_1_25' title='bbox 1341 417 1712 473; x_wconf 86' lang='lat' dir='ltr'><strong>atmosphaerarum</strong></span> <span class='ocrx_word' id='word_1_26' title='bbox 1738 418 1870 474; x_wconf 89' lang='lat' dir='ltr'><strong>hypo-</strong></span> 
     </span>
     <span class='ocr_line' id='line_1_4' title="bbox 165 499 512 542; baseline -0.006 -1"><span class='ocrx_word' id='word_1_27' title='bbox 165 499 274 542; x_wconf 89' lang='lat' dir='ltr'><strong>thesi</strong></span> <span class='ocrx_word' id='word_1_28' title='bbox 293 499 512 540; x_wconf 87' lang='lat' dir='ltr'><strong>vorticum.</strong></span> 
     </span>
    </p>

    <p class='ocr_par' dir='ltr' id='par_1_3' title="bbox 157 563 1877 1826">
     <span class='ocr_line' id='line_1_5' title="bbox 168 563 1872 624; baseline -0.005 -11"><span class='ocrx_word' id='word_1_29' title='bbox 168 583 173 587; x_wconf 84' lang='lat'>&#39;</span> <span class='ocrx_word' id='word_1_30' title='bbox 221 570 383 613; x_wconf 91' lang='lat' dir='ltr'><strong>Docuit</strong></span> <span class='ocrx_word' id='word_1_31' title='bbox 414 569 628 619; x_wconf 85' lang='lat' dir='ltr'><strong>Galilaeus,</strong></span> <span class='ocrx_word' id='word_1_32' title='bbox 659 567 808 624; x_wconf 84' lang='lat' dir='ltr'><strong>lapidis</strong></span> <span class='ocrx_word' id='word_1_33' title='bbox 834 567 1007 623; x_wconf 89' lang='lat' dir='ltr'><strong>projecti</strong></span> <span class='ocrx_word' id='word_1_34' title='bbox 1036 574 1078 608; x_wconf 84' lang='lat' dir='ltr'><strong>et</strong></span> <span class='ocrx_word' id='word_1_35' title='bbox 1106 566 1149 607; x_wconf 92' lang='lat' dir='ltr'><strong>in</strong></span> <span class='ocrx_word' id='word_1_36' title='bbox 1177 564 1377 621; x_wconf 81' lang='lat' dir='ltr'><strong>parabola</strong></span> <span class='ocrx_word' id='word_1_37' title='bbox 1405 564 1507 605; x_wconf 91' lang='lat' dir='ltr'><strong>moti</strong></span> <span class='ocrx_word' id='word_1_38' title='bbox 1536 563 1822 605; x_wconf 87' lang='lat' dir='ltr'><strong>deflectionem</strong></span> <span class='ocrx_word' id='word_1_39' title='bbox 1847 579 1872 605; x_wconf 90' lang='lat' dir='ltr'><strong>a</strong></span> 
     </span>
     <span class='ocr_line' id='line_1_6' title="bbox 163 635 1872 698; baseline -0.005 -12"><span class='ocrx_word' id='word_1_40' title='bbox 163 658 287 686; x_wconf 84' lang='lat' dir='ltr'><strong>cursu</strong></span> <span class='ocrx_word' id='word_1_41' title='bbox 318 642 531 686; x_wconf 85' lang='lat' dir='ltr'><strong>rectilineo</strong></span> <span class='ocrx_word' id='word_1_42' title='bbox 565 642 664 683; x_wconf 91' lang='lat' dir='ltr'><strong>oriri</strong></span> <span class='ocrx_word' id='word_1_43' title='bbox 691 657 716 683; x_wconf 86' lang='lat' dir='ltr'><strong>a</strong></span> <span class='ocrx_word' id='word_1_44' title='bbox 748 640 948 698; x_wconf 86' lang='lat' dir='ltr'><strong>gravitate</strong></span> <span class='ocrx_word' id='word_1_45' title='bbox 979 639 1127 694; x_wconf 81' lang='lat' dir='ltr'><strong>lapidis</strong></span> <span class='ocrx_word' id='word_1_46' title='bbox 1162 638 1206 679; x_wconf 90' lang='lat' dir='ltr'><strong>in</strong></span> <span class='ocrx_word' id='word_1_47' title='bbox 1239 646 1407 687; x_wconf 88' lang='lat' dir='ltr'><strong>terram,</strong></span> <span class='ocrx_word' id='word_1_48' title='bbox 1439 636 1492 679; x_wconf 83' lang='lat' dir='ltr'><strong>ab</strong></span> <span class='ocrx_word' id='word_1_49' title='bbox 1523 635 1686 677; x_wconf 85' lang='lat' dir='ltr'><strong>occulta</strong></span> <span class='ocrx_word' id='word_1_50' title='bbox 1717 635 1872 677; x_wconf 89' lang='lat' dir='ltr'><strong>scilicet</strong></span> 
     </span>
     <span class='ocr_line' id='line_1_7' title="bbox 162 706 1869 771; baseline -0.006 -14"><span class='ocrx_word' id='word_1_51' title='bbox 162 712 371 771; x_wconf 77' lang='lat' dir='ltr'><strong>qualitate.</strong></span> <span class='ocrx_word' id='word_1_52' title='bbox 422 714 543 756; x_wconf 84' lang='lat' dir='ltr'><strong>-Fieri</strong></span> <span class='ocrx_word' id='word_1_53' title='bbox 563 722 702 755; x_wconf 84' lang='lat' dir='ltr'><strong>tamen</strong></span> <span class='ocrx_word' id='word_1_54' title='bbox 721 720 859 767; x_wconf 86' lang='lat' dir='ltr'><strong>potest</strong></span> <span class='ocrx_word' id='word_1_55' title='bbox 877 719 923 753; x_wconf 88' lang='lat' dir='ltr'><strong>ut</strong></span> <span class='ocrx_word' id='word_1_56' title='bbox 942 711 1046 752; x_wconf 90' lang='lat' dir='ltr'><strong>alius</strong></span> <span class='ocrx_word' id='word_1_57' title='bbox 1066 710 1227 766; x_wconf 86' lang='lat' dir='ltr'><strong>aliquis,</strong></span> <span class='ocrx_word' id='word_1_58' title='bbox 1258 709 1350 750; x_wconf 84' lang='lat' dir='ltr'><strong>nasi</strong></span> <span class='ocrx_word' id='word_1_59' title='bbox 1368 707 1563 749; x_wconf 83' lang='lat' dir='ltr'><strong>acutioris</strong></span> <span class='ocrx_word' id='word_1_60' title='bbox 1582 706 1869 763; x_wconf 90' lang='lat' dir='ltr'><strong>philosophus,</strong></span> 
     </span>
     <span class='ocr_line' id='line_1_8' title="bbox 162 777 1872 838; baseline -0.005 -11"><span class='ocrx_word' id='word_1_61' title='bbox 162 799 328 827; x_wconf 86' lang='lat' dir='ltr'><strong>causam</strong></span> <span class='ocrx_word' id='word_1_62' title='bbox 348 785 471 826; x_wconf 90' lang='lat' dir='ltr'><strong>aliam</strong></span> <span class='ocrx_word' id='word_1_63' title='bbox 492 783 847 826; x_wconf 86' lang='lat' dir='ltr'><strong>comminiscatur.</strong></span> <span class='ocrx_word' id='word_1_64' title='bbox 911 781 1061 838; x_wconf 88' lang='lat' dir='ltr'><strong>Finget</strong></span> <span class='ocrx_word' id='word_1_65' title='bbox 1079 780 1206 837; x_wconf 87' lang='lat' dir='ltr'><strong>igitur</strong></span> <span class='ocrx_word' id='word_1_66' title='bbox 1225 779 1294 820; x_wconf 92' lang='lat' dir='ltr'><strong>ille</strong></span> <span class='ocrx_word' id='word_1_67' title='bbox 1312 778 1527 820; x_wconf 85' lang='lat' dir='ltr'><strong>materiam</strong></span> <span class='ocrx_word' id='word_1_68' title='bbox 1546 777 1755 833; x_wconf 83' lang='lat' dir='ltr'><strong>quandam</strong></span> <span class='ocrx_word' id='word_1_69' title='bbox 1775 777 1872 819; x_wconf 88' lang='lat' dir='ltr'><strong>sub-</strong></span> 
     </span>
     <span class='ocr_line' id='line_1_9' title="bbox 161 847 1873 913; baseline -0.006 -14"><span class='ocrx_word' id='word_1_70' title='bbox 161 857 295 908; x_wconf 69' lang='lat' dir='ltr'><strong>tilem„</strong></span> <span class='ocrx_word' id='word_1_71' title='bbox 321 871 415 913; x_wconf 89' lang='lat' dir='ltr'><strong>quae</strong></span> <span class='ocrx_word' id='word_1_72' title='bbox 446 871 525 898; x_wconf 91' lang='lat' dir='ltr'><strong>nec</strong></span> <span class='ocrx_word' id='word_1_73' title='bbox 554 856 659 905; x_wconf 91' lang='lat' dir='ltr'><strong>visu,</strong></span> <span class='ocrx_word' id='word_1_74' title='bbox 690 869 768 896; x_wconf 91' lang='lat' dir='ltr'><strong>nec</strong></span> <span class='ocrx_word' id='word_1_75' title='bbox 802 861 927 904; x_wconf 85' lang='lat' dir='ltr'><strong>tactu,</strong></span> <span class='ocrx_word' id='word_1_76' title='bbox 959 866 1095 908; x_wconf 90' lang='lat' dir='ltr'><strong>neque</strong></span> <span class='ocrx_word' id='word_1_77' title='bbox 1124 851 1211 892; x_wconf 91' lang='lat' dir='ltr'><strong>ullo</strong></span> <span class='ocrx_word' id='word_1_78' title='bbox 1242 864 1367 891; x_wconf 88' lang='lat' dir='ltr'><strong>sensu</strong></span> <span class='ocrx_word' id='word_1_79' title='bbox 1394 848 1633 904; x_wconf 87' lang='lat' dir='ltr'><strong>percipitur,</strong></span> <span class='ocrx_word' id='word_1_80' title='bbox 1656 847 1810 889; x_wconf 82' lang='lat' dir='ltr'><strong>versari</strong></span> <span class='ocrx_word' id='word_1_81' title='bbox 1829 847 1873 889; x_wconf 88' lang='lat' dir='ltr'><strong>in</strong></span> 
     </span>
     <span class='ocr_line' id='line_1_10' title="bbox 160 921 1873 986; baseline -0.006 -15"><span class='ocrx_word' id='word_1_82' title='bbox 160 929 399 986; x_wconf 87' lang='lat' dir='ltr'><strong>regionibus</strong></span> <span class='ocrx_word' id='word_1_83' title='bbox 434 943 528 985; x_wconf 88' lang='lat' dir='ltr'><strong>quae</strong></span> <span class='ocrx_word' id='word_1_84' title='bbox 557 925 748 983; x_wconf 77' lang='lat' dir='ltr'><strong>proxime</strong></span> <span class='ocrx_word' id='word_1_85' title='bbox 772 925 1018 981; x_wconf 84' lang='lat' dir='ltr'><strong>contingunt</strong></span> <span class='ocrx_word' id='word_1_86' title='bbox 1050 923 1208 965; x_wconf 88' lang='lat' dir='ltr'><strong>telluris</strong></span> <span class='ocrx_word' id='word_1_87' title='bbox 1243 922 1516 978; x_wconf 88' lang='lat' dir='ltr'><strong>superficiem.</strong></span> <span class='ocrx_word' id='word_1_88' title='bbox 1577 921 1706 963; x_wconf 89' lang='lat' dir='ltr'><strong>Hanc</strong></span> <span class='ocrx_word' id='word_1_89' title='bbox 1735 929 1873 962; x_wconf 89' lang='lat' dir='ltr'><strong>autem</strong></span> 
     </span>
     <span class='ocr_line' id='line_1_11' title="bbox 161 993 1871 1055; baseline -0.005 -13"><span class='ocrx_word' id='word_1_90' title='bbox 161 1001 393 1052; x_wconf 86' lang='lat' dir='ltr'><strong>materiam,</strong></span> <span class='ocrx_word' id='word_1_91' title='bbox 416 1001 460 1041; x_wconf 91' lang='lat' dir='ltr'><strong>in</strong></span> <span class='ocrx_word' id='word_1_92' title='bbox 479 1000 662 1042; x_wconf 85' lang='lat' dir='ltr'><strong>diversas</strong></span> <span class='ocrx_word' id='word_1_93' title='bbox 681 998 839 1055; x_wconf 84' lang='lat' dir='ltr'><strong>plagas,</strong></span> <span class='ocrx_word' id='word_1_94' title='bbox 861 996 984 1038; x_wconf 87' lang='lat' dir='ltr'><strong>variis</strong></span> <span class='ocrx_word' id='word_1_95' title='bbox 1004 1003 1046 1038; x_wconf 90' lang='lat' dir='ltr'><strong>et</strong></span> <span class='ocrx_word' id='word_1_96' title='bbox 1064 995 1310 1051; x_wconf 87' lang='lat' dir='ltr'><strong>plerumque</strong></span> <span class='ocrx_word' id='word_1_97' title='bbox 1330 994 1545 1036; x_wconf 85' lang='lat' dir='ltr'><strong>contrariis</strong></span> <span class='ocrx_word' id='word_1_98' title='bbox 1565 994 1746 1036; x_wconf 85' lang='lat' dir='ltr'><strong>motibus</strong></span> <span class='ocrx_word' id='word_1_99' title='bbox 1761 993 1871 1044; x_wconf 87' lang='lat' dir='ltr'><strong>ferri,</strong></span> 
     </span>
     <span class='ocr_line' id='line_1_12' title="bbox 160 1067 1874 1127; baseline -0.004 -12"><span class='ocrx_word' id='word_1_100' title='bbox 160 1080 203 1114; x_wconf 85' lang='lat' dir='ltr'><strong>et</strong></span> <span class='ocrx_word' id='word_1_101' title='bbox 220 1073 350 1114; x_wconf 85' lang='lat' dir='ltr'><strong>lineas</strong></span> <span class='ocrx_word' id='word_1_102' title='bbox 369 1072 626 1127; x_wconf 85' lang='lat' dir='ltr'><strong>parabolicas</strong></span> <span class='ocrx_word' id='word_1_103' title='bbox 656 1070 890 1112; x_wconf 88' lang='lat' dir='ltr'><strong>describere</strong></span> <span class='ocrx_word' id='word_1_104' title='bbox 914 1068 1149 1110; x_wconf 85' lang='lat' dir='ltr'><strong>contendet.</strong></span> <span class='ocrx_word' id='word_1_105' title='bbox 1208 1068 1376 1110; x_wconf 87' lang='lat' dir='ltr'><strong>Deinde</strong></span> <span class='ocrx_word' id='word_1_106' title='bbox 1411 1082 1511 1109; x_wconf 90' lang='lat' dir='ltr'><strong>vero</strong></span> <span class='ocrx_word' id='word_1_107' title='bbox 1536 1067 1688 1123; x_wconf 90' lang='lat' dir='ltr'><strong>lapidis</strong></span> <span class='ocrx_word' id='word_1_108' title='bbox 1723 1067 1874 1109; x_wconf 86' lang='lat' dir='ltr'><strong>deflec-</strong></span> 
     </span>
     <span class='ocr_line' id='line_1_13' title="bbox 158 1140 1871 1200; baseline -0.003 -14"><span class='ocrx_word' id='word_1_109' title='bbox 158 1145 316 1187; x_wconf 88' lang='lat' dir='ltr'><strong>tionem</strong></span> <span class='ocrx_word' id='word_1_110' title='bbox 334 1143 510 1200; x_wconf 72' lang='lat' dir='ltr'><strong>pulchre</strong></span> <span class='ocrx_word' id='word_1_111' title='bbox 530 1144 590 1185; x_wconf 92' lang='lat' dir='ltr'><strong>sic</strong></span> <span class='ocrx_word' id='word_1_112' title='bbox 610 1143 817 1198; x_wconf 83' lang='lat' dir='ltr'><strong>expediet,</strong></span> <span class='ocrx_word' id='word_1_113' title='bbox 848 1149 891 1183; x_wconf 90' lang='lat' dir='ltr'><strong>et</strong></span> <span class='ocrx_word' id='word_1_114' title='bbox 909 1142 1023 1199; x_wconf 87' lang='lat' dir='ltr'><strong>vulgi</strong></span> <span class='ocrx_word' id='word_1_115' title='bbox 1042 1141 1235 1196; x_wconf 90' lang='lat' dir='ltr'><strong>plausum</strong></span> <span class='ocrx_word' id='word_1_116' title='bbox 1253 1142 1491 1183; x_wconf 85' lang='lat' dir='ltr'><strong>merebitur.</strong></span> <span class='ocrx_word' id='word_1_117' title='bbox 1552 1141 1696 1197; x_wconf 87' lang='lat' dir='ltr'><strong>Lapis,</strong></span> <span class='ocrx_word' id='word_1_118' title='bbox 1726 1140 1871 1197; x_wconf 86' lang='lat' dir='ltr'><strong>inquit,</strong></span> 
     </span>
     <span class='ocr_line' id='line_1_14' title="bbox 157 1211 1874 1267; baseline -0.003 -10"><span class='ocrx_word' id='word_1_119' title='bbox 157 1215 203 1256; x_wconf 87' lang='lat' dir='ltr'><strong>in</strong></span> <span class='ocrx_word' id='word_1_120' title='bbox 234 1215 364 1257; x_wconf 91' lang='lat' dir='ltr'><strong>fluido</strong></span> <span class='ocrx_word' id='word_1_121' title='bbox 391 1214 464 1255; x_wconf 85' lang='lat' dir='ltr'><strong>illo</strong></span> <span class='ocrx_word' id='word_1_122' title='bbox 493 1213 634 1255; x_wconf 86' lang='lat' dir='ltr'><strong>subtili</strong></span> <span class='ocrx_word' id='word_1_123' title='bbox 662 1220 789 1263; x_wconf 90' lang='lat' dir='ltr'><strong>natat,</strong></span> <span class='ocrx_word' id='word_1_124' title='bbox 821 1219 863 1253; x_wconf 88' lang='lat' dir='ltr'><strong>et</strong></span> <span class='ocrx_word' id='word_1_125' title='bbox 889 1212 1028 1253; x_wconf 86' lang='lat' dir='ltr'><strong>cursui</strong></span> <span class='ocrx_word' id='word_1_126' title='bbox 1062 1213 1150 1267; x_wconf 87' lang='lat' dir='ltr'><strong>ejus</strong></span> <span class='ocrx_word' id='word_1_127' title='bbox 1186 1211 1467 1266; x_wconf 89' lang='lat' dir='ltr'><strong>obsequendo,</strong></span> <span class='ocrx_word' id='word_1_128' title='bbox 1499 1226 1585 1252; x_wconf 90' lang='lat' dir='ltr'><strong>non</strong></span> <span class='ocrx_word' id='word_1_129' title='bbox 1616 1220 1755 1267; x_wconf 89' lang='lat' dir='ltr'><strong>potest</strong></span> <span class='ocrx_word' id='word_1_130' title='bbox 1788 1225 1874 1251; x_wconf 92' lang='lat' dir='ltr'><strong>non</strong></span> 
     </span>
     <span class='ocr_line' id='line_1_15' title="bbox 159 1276 1877 1338; baseline -0.002 -10"><span class='ocrx_word' id='word_1_131' title='bbox 159 1286 335 1337; x_wconf 76' lang='lat' dir='ltr'><strong>eandem</strong></span> <span class='ocrx_word' id='word_1_132' title='bbox 353 1284 438 1327; x_wconf 66' lang='lat' dir='ltr'><strong>una</strong></span> <span class='ocrx_word' id='word_1_133' title='bbox 456 1286 645 1327; x_wconf 83' lang='lat' dir='ltr'><strong>semitam</strong></span> <span class='ocrx_word' id='word_1_134' title='bbox 665 1284 913 1326; x_wconf 88' lang='lat' dir='ltr'><strong>describere.</strong></span> <span class='ocrx_word' id='word_1_135' title='bbox 976 1283 1172 1324; x_wconf 82' lang='lat' dir='ltr'><strong>Fluidum</strong></span> <span class='ocrx_word' id='word_1_136' title='bbox 1201 1282 1300 1324; x_wconf 77' lang='lat' dir='ltr'><strong>vero</strong></span> <span class='ocrx_word' id='word_1_137' title='bbox 1330 1291 1521 1325; x_wconf 88' lang='lat' dir='ltr'><strong>movetur</strong></span> <span class='ocrx_word' id='word_1_138' title='bbox 1540 1284 1584 1324; x_wconf 88' lang='lat' dir='ltr'><strong>in</strong></span> <span class='ocrx_word' id='word_1_139' title='bbox 1615 1284 1733 1325; x_wconf 90' lang='lat' dir='ltr'><strong>lineis</strong></span> <span class='ocrx_word' id='word_1_140' title='bbox 1752 1276 1877 1338; x_wconf 47' lang='lat' dir='ltr'><strong>parass</strong></span> 
     </span>
     <span class='ocr_line' id='line_1_16' title="bbox 159 1346 1875 1414; baseline -0.003 -14"><span class='ocrx_word' id='word_1_141' title='bbox 159 1358 308 1400; x_wconf 91' lang='lat' dir='ltr'><strong>bolicis</strong></span> <span class='ocrx_word' id='word_1_142' title='bbox 320 1374 332 1408; x_wconf 92' lang='lat'>;</span> <span class='ocrx_word' id='word_1_143' title='bbox 363 1373 464 1414; x_wconf 86' lang='lat' dir='ltr'><strong>ergo</strong></span> <span class='ocrx_word' id='word_1_144' title='bbox 483 1346 665 1412; x_wconf 88' lang='lat' dir='ltr'><strong>lapidem</strong></span> <span class='ocrx_word' id='word_1_145' title='bbox 694 1356 738 1396; x_wconf 91' lang='lat' dir='ltr'><strong>in</strong></span> <span class='ocrx_word' id='word_1_146' title='bbox 769 1354 968 1409; x_wconf 86' lang='lat' dir='ltr'><strong>parabola</strong></span> <span class='ocrx_word' id='word_1_147' title='bbox 993 1354 1151 1395; x_wconf 83' lang='lat' dir='ltr'><strong>moveri</strong></span> <span class='ocrx_word' id='word_1_148' title='bbox 1180 1368 1350 1394; x_wconf 87' lang='lat' dir='ltr'><strong>necesse</strong></span> <span class='ocrx_word' id='word_1_149' title='bbox 1384 1361 1459 1395; x_wconf 87' lang='lat' dir='ltr'><strong>est.</strong></span> <span class='ocrx_word' id='word_1_150' title='bbox 1521 1353 1628 1402; x_wconf 89' lang='lat' dir='ltr'><strong>Quis</strong></span> <span class='ocrx_word' id='word_1_151' title='bbox 1658 1368 1770 1394; x_wconf 89' lang='lat' dir='ltr'><strong>nunc</strong></span> <span class='ocrx_word' id='word_1_152' title='bbox 1789 1368 1875 1395; x_wconf 93' lang='lat' dir='ltr'><strong>non</strong></span> 
     </span>
     <span class='ocr_line' id='line_1_17' title="bbox 158 1423 1873 1481; baseline -0.004 -10"><span class='ocrx_word' id='word_1_153' title='bbox 158 1429 380 1471; x_wconf 89' lang='lat' dir='ltr'><strong>mirabitur</strong></span> <span class='ocrx_word' id='word_1_154' title='bbox 395 1427 680 1469; x_wconf 87' lang='lat' dir='ltr'><strong>acutissimum</strong></span> <span class='ocrx_word' id='word_1_155' title='bbox 696 1425 871 1481; x_wconf 91' lang='lat' dir='ltr'><strong>hujusce</strong></span> <span class='ocrx_word' id='word_1_156' title='bbox 890 1423 1129 1479; x_wconf 90' lang='lat' dir='ltr'><strong>philosophi</strong></span> <span class='ocrx_word' id='word_1_157' title='bbox 1144 1424 1372 1480; x_wconf 87' lang='lat' dir='ltr'><strong>ingenium,</strong></span> <span class='ocrx_word' id='word_1_158' title='bbox 1390 1438 1444 1464; x_wconf 84' lang='lat' dir='ltr'><strong>ex</strong></span> <span class='ocrx_word' id='word_1_159' title='bbox 1464 1423 1596 1464; x_wconf 83' lang='lat' dir='ltr'><strong>causis</strong></span> <span class='ocrx_word' id='word_1_160' title='bbox 1609 1423 1873 1474; x_wconf 86' lang='lat' dir='ltr'><strong>mechanicis,</strong></span> 
     </span>
     <span class='ocr_line' id='line_1_18' title="bbox 161 1494 1876 1551; baseline -0.002 -11"><span class='ocrx_word' id='word_1_161' title='bbox 161 1498 335 1541; x_wconf 65' lang='lat' dir='ltr'><strong>materia</strong></span> <span class='ocrx_word' id='word_1_162' title='bbox 357 1498 514 1540; x_wconf 80' lang='lat' dir='ltr'><strong>scilicet</strong></span> <span class='ocrx_word' id='word_1_163' title='bbox 534 1506 575 1539; x_wconf 88' lang='lat' dir='ltr'><strong>et</strong></span> <span class='ocrx_word' id='word_1_164' title='bbox 593 1505 724 1546; x_wconf 90' lang='lat' dir='ltr'><strong>motu,</strong></span> <span class='ocrx_word' id='word_1_165' title='bbox 754 1495 1031 1550; x_wconf 85' lang='lat' dir='ltr'><strong>phaenomena</strong></span> <span class='ocrx_word' id='word_1_166' title='bbox 1049 1502 1210 1535; x_wconf 82' lang='lat' dir='ltr'><strong>naturae</strong></span> <span class='ocrx_word' id='word_1_167' title='bbox 1230 1494 1283 1535; x_wconf 86' lang='lat' dir='ltr'><strong>ad</strong></span> <span class='ocrx_word' id='word_1_168' title='bbox 1302 1494 1417 1551; x_wconf 88' lang='lat' dir='ltr'><strong>vulgi</strong></span> <span class='ocrx_word' id='word_1_169' title='bbox 1437 1495 1560 1536; x_wconf 87' lang='lat' dir='ltr'><strong>etiam</strong></span> <span class='ocrx_word' id='word_1_170' title='bbox 1581 1503 1747 1550; x_wconf 83' lang='lat' dir='ltr'><strong>captum</strong></span> <span class='ocrx_word' id='word_1_171' title='bbox 1767 1511 1876 1550; x_wconf 86' lang='lat' dir='ltr'><strong>prae-</strong></span> 
     </span>
     <span class='ocr_line' id='line_1_19' title="bbox 161 1565 1873 1617; baseline -0.004 -4"><span class='ocrx_word' id='word_1_172' title='bbox 161 1571 273 1614; x_wconf 76' lang='lat' dir='ltr'><strong>clare</strong></span> <span class='ocrx_word' id='word_1_173' title='bbox 293 1568 567 1612; x_wconf 84' lang='lat' dir='ltr'><strong>deducentis?</strong></span> <span class='ocrx_word' id='word_1_174' title='bbox 599 1568 706 1617; x_wconf 86' lang='lat' dir='ltr'><strong>Quis</strong></span> <span class='ocrx_word' id='word_1_175' title='bbox 733 1566 831 1608; x_wconf 78' lang='lat' dir='ltr'><strong>vero</strong></span> <span class='ocrx_word' id='word_1_176' title='bbox 866 1565 952 1607; x_wconf 91' lang='lat' dir='ltr'><strong>non</strong></span> <span class='ocrx_word' id='word_1_177' title='bbox 987 1565 1256 1606; x_wconf 86' lang='lat' dir='ltr'><strong>subsannabit</strong></span> <span class='ocrx_word' id='word_1_178' title='bbox 1289 1566 1446 1606; x_wconf 86' lang='lat' dir='ltr'><strong>bonum</strong></span> <span class='ocrx_word' id='word_1_179' title='bbox 1481 1565 1598 1607; x_wconf 90' lang='lat' dir='ltr'><strong>illum</strong></span> <span class='ocrx_word' id='word_1_180' title='bbox 1636 1566 1873 1617; x_wconf 85' lang='lat' dir='ltr'><strong>Galilaeum‚</strong></span> 
     </span>
     <span class='ocr_line' id='line_1_20' title="bbox 163 1637 1875 1699; baseline -0.003 -15"><span class='ocrx_word' id='word_1_181' title='bbox 163 1642 237 1699; x_wconf 91' lang='lat' dir='ltr'><strong>qui</strong></span> <span class='ocrx_word' id='word_1_182' title='bbox 255 1655 408 1698; x_wconf 88' lang='lat' dir='ltr'><strong>magno</strong></span> <span class='ocrx_word' id='word_1_183' title='bbox 442 1639 655 1681; x_wconf 89' lang='lat' dir='ltr'><strong>molimine</strong></span> <span class='ocrx_word' id='word_1_184' title='bbox 675 1638 967 1680; x_wconf 81' lang='lat' dir='ltr'><strong>mathematico</strong></span> <span class='ocrx_word' id='word_1_185' title='bbox 990 1637 1207 1693; x_wconf 89' lang='lat' dir='ltr'><strong>qualitates</strong></span> <span class='ocrx_word' id='word_1_186' title='bbox 1234 1637 1428 1687; x_wconf 85' lang='lat' dir='ltr'><strong>occultas,</strong></span> <span class='ocrx_word' id='word_1_187' title='bbox 1451 1653 1474 1679; x_wconf 88' lang='lat' dir='ltr'><strong>e</strong></span> <span class='ocrx_word' id='word_1_188' title='bbox 1494 1637 1758 1694; x_wconf 86' lang='lat' dir='ltr'><strong>philosophia</strong></span> <span class='ocrx_word' id='word_1_189' title='bbox 1786 1638 1875 1680; x_wconf 87' lang='lat' dir='ltr'><strong>feli-</strong></span> 
     </span>
     <span class='ocr_line' id='line_1_21' title="bbox 160 1707 1876 1766; baseline -0.002 -11"><span class='ocrx_word' id='word_1_190' title='bbox 160 1713 264 1756; x_wconf 86' lang='lat' dir='ltr'><strong>citer</strong></span> <span class='ocrx_word' id='word_1_191' title='bbox 305 1711 509 1762; x_wconf 82' lang='lat' dir='ltr'><strong>exclusas,</strong></span> <span class='ocrx_word' id='word_1_192' title='bbox 542 1709 683 1752; x_wconf 76' lang='lat' dir='ltr'><strong>denuo</strong></span> <span class='ocrx_word' id='word_1_193' title='bbox 722 1724 916 1751; x_wconf 85' lang='lat' dir='ltr'><strong>revocare</strong></span> <span class='ocrx_word' id='word_1_194' title='bbox 948 1707 1219 1751; x_wconf 77' lang='lat' dir='ltr'><strong>sustinuerit?</strong></span> <span class='ocrx_word' id='word_1_195' title='bbox 1269 1708 1353 1750; x_wconf 88' lang='lat' dir='ltr'><strong>Sed</strong></span> <span class='ocrx_word' id='word_1_196' title='bbox 1391 1707 1521 1763; x_wconf 91' lang='lat' dir='ltr'><strong>pudet</strong></span> <span class='ocrx_word' id='word_1_197' title='bbox 1559 1709 1682 1766; x_wconf 86' lang='lat' dir='ltr'><strong>nugis</strong></span> <span class='ocrx_word' id='word_1_198' title='bbox 1721 1707 1876 1752; x_wconf 68' lang='lat' dir='ltr'><strong>diutius</strong></span> 
     </span>
     <span class='ocr_line' id='line_1_22' title="bbox 160 1798 389 1826; baseline -0.004 1"><span class='ocrx_word' id='word_1_199' title='bbox 160 1798 389 1826; x_wconf 77' lang='lat' dir='ltr'><strong>immorari.</strong></span> 
     </span>
    </p>

    <p class='ocr_par' dir='ltr' id='par_1_4' title="bbox 132 1849 1876 2480">
     <span class='ocr_line' id='line_1_23' title="bbox 189 1849 1875 1912; baseline 0.001 -14"><span class='ocrx_word' id='word_1_200' title='bbox 189 1849 200 1854; x_wconf 68' lang='grc'><strong>’</strong></span> <span class='ocrx_word' id='word_1_201' title='bbox 221 1856 394 1898; x_wconf 80' lang='lat' dir='ltr'><strong>Summa</strong></span> <span class='ocrx_word' id='word_1_202' title='bbox 412 1856 474 1898; x_wconf 89' lang='lat' dir='ltr'><strong>rei</strong></span> <span class='ocrx_word' id='word_1_203' title='bbox 498 1855 582 1897; x_wconf 91' lang='lat' dir='ltr'><strong>huc</strong></span> <span class='ocrx_word' id='word_1_204' title='bbox 602 1855 770 1898; x_wconf 90' lang='lat' dir='ltr'><strong>tandem</strong></span> <span class='ocrx_word' id='word_1_205' title='bbox 792 1855 924 1897; x_wconf 85' lang='lat' dir='ltr'><strong>redit:</strong></span> <span class='ocrx_word' id='word_1_206' title='bbox 956 1863 1213 1897; x_wconf 83' lang='lat' dir='ltr'><strong>cometarum</strong></span> <span class='ocrx_word' id='word_1_207' title='bbox 1232 1856 1379 1912; x_wconf 84' lang='lat' dir='ltr'><strong>ingens</strong></span> <span class='ocrx_word' id='word_1_208' title='bbox 1399 1863 1462 1897; x_wconf 85' lang='lat' dir='ltr'><strong>est</strong></span> <span class='ocrx_word' id='word_1_209' title='bbox 1487 1870 1684 1898; x_wconf 90' lang='lat' dir='ltr'><strong>numerus</strong></span> <span class='ocrx_word' id='word_1_210' title='bbox 1695 1872 1708 1906; x_wconf 90' lang='lat'>;</span> <span class='ocrx_word' id='word_1_211' title='bbox 1738 1864 1875 1899; x_wconf 87' lang='lat' dir='ltr'><strong>motus</strong></span> 
     </span>
     <span class='ocr_line' id='line_1_24' title="bbox 161 1925 1875 1983; baseline 0.001 -15"><span class='ocrx_word' id='word_1_212' title='bbox 161 1940 306 1968; x_wconf 89' lang='lat' dir='ltr'><strong>eorum</strong></span> <span class='ocrx_word' id='word_1_213' title='bbox 325 1934 422 1968; x_wconf 90' lang='lat' dir='ltr'><strong>sunt</strong></span> <span class='ocrx_word' id='word_1_214' title='bbox 453 1926 613 1968; x_wconf 75' lang='lat' dir='ltr'><strong>summe</strong></span> <span class='ocrx_word' id='word_1_215' title='bbox 632 1926 857 1983; x_wconf 79' lang='lat' dir='ltr'><strong>regulares,</strong></span> <span class='ocrx_word' id='word_1_216' title='bbox 889 1934 931 1967; x_wconf 90' lang='lat' dir='ltr'><strong>et</strong></span> <span class='ocrx_word' id='word_1_217' title='bbox 962 1925 1129 1967; x_wconf 83' lang='lat' dir='ltr'><strong>easdem</strong></span> <span class='ocrx_word' id='word_1_218' title='bbox 1154 1926 1268 1983; x_wconf 84' lang='lat' dir='ltr'><strong>leges</strong></span> <span class='ocrx_word' id='word_1_219' title='bbox 1288 1941 1383 1967; x_wconf 88' lang='lat' dir='ltr'><strong>cum</strong></span> <span class='ocrx_word' id='word_1_220' title='bbox 1409 1926 1671 1982; x_wconf 82' lang='lat' dir='ltr'><strong>planetarum</strong></span> <span class='ocrx_word' id='word_1_221' title='bbox 1694 1928 1875 1970; x_wconf 86' lang='lat' dir='ltr'><strong>motibus</strong></span> 
     </span>
     <span class='ocr_line' id='line_1_25' title="bbox 161 1998 1875 2049; baseline 0.001 -9"><span class='ocrx_word' id='word_1_222' title='bbox 161 1998 392 2040; x_wconf 84' lang='lat' dir='ltr'><strong>observant.</strong></span> <span class='ocrx_word' id='word_1_223' title='bbox 454 1998 683 2041; x_wconf 83' lang='lat' dir='ltr'><strong>Moventur</strong></span> <span class='ocrx_word' id='word_1_224' title='bbox 701 1998 746 2039; x_wconf 91' lang='lat' dir='ltr'><strong>in</strong></span> <span class='ocrx_word' id='word_1_225' title='bbox 772 1998 942 2039; x_wconf 88' lang='lat' dir='ltr'><strong>orbibus</strong></span> <span class='ocrx_word' id='word_1_226' title='bbox 962 1998 1130 2049; x_wconf 90' lang='lat' dir='ltr'><strong>conicis,</strong></span> <span class='ocrx_word' id='word_1_227' title='bbox 1161 1998 1206 2039; x_wconf 90' lang='lat' dir='ltr'><strong>hi</strong></span> <span class='ocrx_word' id='word_1_228' title='bbox 1223 1999 1345 2040; x_wconf 90' lang='lat' dir='ltr'><strong>orbes</strong></span> <span class='ocrx_word' id='word_1_229' title='bbox 1381 2007 1478 2041; x_wconf 88' lang='lat' dir='ltr'><strong>sunt</strong></span> <span class='ocrx_word' id='word_1_230' title='bbox 1497 1998 1618 2041; x_wconf 69' lang='lat' dir='ltr'><strong>valde</strong></span> <span class='ocrx_word' id='word_1_231' title='bbox 1649 2000 1875 2043; x_wconf 84' lang='lat' dir='ltr'><strong>admodum</strong></span> 
     </span>
     <span class='ocr_line' id='line_1_26' title="bbox 161 2069 1876 2126; baseline 0.002 -15"><span class='ocrx_word' id='word_1_232' title='bbox 161 2069 391 2123; x_wconf 74' lang='lat' dir='ltr'><strong>eccentrici.</strong></span> <span class='ocrx_word' id='word_1_233' title='bbox 452 2070 661 2112; x_wconf 89' lang='lat' dir='ltr'><strong>Feruntur</strong></span> <span class='ocrx_word' id='word_1_234' title='bbox 680 2069 864 2125; x_wconf 90' lang='lat' dir='ltr'><strong>undique</strong></span> <span class='ocrx_word' id='word_1_235' title='bbox 897 2069 941 2110; x_wconf 91' lang='lat' dir='ltr'><strong>in</strong></span> <span class='ocrx_word' id='word_1_236' title='bbox 965 2084 1110 2111; x_wconf 89' lang='lat' dir='ltr'><strong>omnes</strong></span> <span class='ocrx_word' id='word_1_237' title='bbox 1134 2069 1334 2111; x_wconf 82' lang='lat' dir='ltr'><strong>coelorum</strong></span> <span class='ocrx_word' id='word_1_238' title='bbox 1359 2078 1511 2125; x_wconf 85' lang='lat' dir='ltr'><strong>partes,</strong></span> <span class='ocrx_word' id='word_1_239' title='bbox 1544 2079 1586 2112; x_wconf 84' lang='lat' dir='ltr'><strong>et</strong></span> <span class='ocrx_word' id='word_1_240' title='bbox 1615 2071 1876 2126; x_wconf 89' lang='lat' dir='ltr'><strong>planetarum</strong></span> 
     </span>
     <span class='ocr_line' id='line_1_27' title="bbox 132 2138 1876 2198; baseline 0.001 -16"><span class='ocrx_word' id='word_1_241' title='bbox 132 2138 135 2141; x_wconf 72' lang='grc'><strong>’</strong></span> <span class='ocrx_word' id='word_1_242' title='bbox 161 2140 351 2197; x_wconf 89' lang='lat' dir='ltr'><strong>regiones</strong></span> <span class='ocrx_word' id='word_1_243' title='bbox 366 2140 574 2182; x_wconf 74' lang='lat' dir='ltr'><strong>liberrime</strong></span> <span class='ocrx_word' id='word_1_244' title='bbox 593 2147 899 2195; x_wconf 89' lang='lat' dir='ltr'><strong>pertranseunt,</strong></span> <span class='ocrx_word' id='word_1_245' title='bbox 930 2148 972 2182; x_wconf 91' lang='lat' dir='ltr'><strong>et</strong></span> <span class='ocrx_word' id='word_1_246' title='bbox 991 2140 1102 2195; x_wconf 73' lang='lat' dir='ltr'><strong>saepe</strong></span> <span class='ocrx_word' id='word_1_247' title='bbox 1135 2140 1279 2182; x_wconf 69' lang='lat' dir='ltr'><strong>contra</strong></span> <span class='ocrx_word' id='word_1_248' title='bbox 1310 2141 1523 2198; x_wconf 90' lang='lat' dir='ltr'><strong>signorum</strong></span> <span class='ocrx_word' id='word_1_249' title='bbox 1544 2141 1733 2184; x_wconf 90' lang='lat' dir='ltr'><strong>ordinem</strong></span> <span class='ocrx_word' id='word_1_250' title='bbox 1764 2143 1876 2185; x_wconf 89' lang='lat' dir='ltr'><strong>ince-</strong></span> 
     </span>
     <span class='ocr_line' id='line_1_28' title="bbox 161 2210 1876 2266; baseline 0.002 -14"><span class='ocrx_word' id='word_1_251' title='bbox 161 2211 278 2266; x_wconf 88' lang='lat' dir='ltr'><strong>dunt.</strong></span> <span class='ocrx_word' id='word_1_252' title='bbox 340 2211 451 2253; x_wconf 85' lang='lat' dir='ltr'><strong>Haec</strong></span> <span class='ocrx_word' id='word_1_253' title='bbox 469 2210 746 2265; x_wconf 88' lang='lat' dir='ltr'><strong>phaenomena</strong></span> <span class='ocrx_word' id='word_1_254' title='bbox 765 2210 991 2253; x_wconf 75' lang='lat' dir='ltr'><strong>certissime</strong></span> <span class='ocrx_word' id='word_1_255' title='bbox 1021 2211 1320 2254; x_wconf 86' lang='lat' dir='ltr'><strong>confirmantur</strong></span> <span class='ocrx_word' id='word_1_256' title='bbox 1348 2227 1402 2254; x_wconf 83' lang='lat' dir='ltr'><strong>ex</strong></span> <span class='ocrx_word' id='word_1_257' title='bbox 1426 2212 1780 2256; x_wconf 86' lang='lat' dir='ltr'><strong>observationibus</strong></span> <span class='ocrx_word' id='word_1_258' title='bbox 1812 2230 1876 2255; x_wconf 90' lang='lat' dir='ltr'><strong>as-</strong></span> 
     </span>
     <span class='ocr_line' id='line_1_29' title="bbox 160 2281 1874 2340; baseline 0.001 -17"><span class='ocrx_word' id='word_1_259' title='bbox 160 2281 423 2323; x_wconf 87' lang='lat' dir='ltr'><strong>tronomicis:</strong></span> <span class='ocrx_word' id='word_1_260' title='bbox 456 2289 498 2322; x_wconf 88' lang='lat' dir='ltr'><strong>et</strong></span> <span class='ocrx_word' id='word_1_261' title='bbox 516 2295 592 2336; x_wconf 89' lang='lat' dir='ltr'><strong>per</strong></span> <span class='ocrx_word' id='word_1_262' title='bbox 612 2282 787 2322; x_wconf 86' lang='lat' dir='ltr'><strong>vortices</strong></span> <span class='ocrx_word' id='word_1_263' title='bbox 806 2290 1017 2337; x_wconf 88' lang='lat' dir='ltr'><strong>nequeunt</strong></span> <span class='ocrx_word' id='word_1_264' title='bbox 1036 2282 1246 2338; x_wconf 82' lang='lat' dir='ltr'><strong>explicari.</strong></span> <span class='ocrx_word' id='word_1_265' title='bbox 1281 2282 1388 2334; x_wconf 83' lang='grc' dir='ltr'>Ῑιιιὸ,</span> <span class='ocrx_word' id='word_1_266' title='bbox 1402 2298 1456 2325; x_wconf 89' lang='lat' dir='ltr'><strong>ne</strong></span> <span class='ocrx_word' id='word_1_267' title='bbox 1468 2284 1640 2340; x_wconf 88' lang='lat' dir='ltr'><strong>quidem</strong></span> <span class='ocrx_word' id='word_1_268' title='bbox 1661 2299 1759 2326; x_wconf 91' lang='lat' dir='ltr'><strong>cum</strong></span> <span class='ocrx_word' id='word_1_269' title='bbox 1779 2300 1874 2326; x_wconf 89' lang='lat' dir='ltr'><strong>vor-</strong></span> 
     </span>
     <span class='ocr_line' id='line_1_30' title="bbox 161 2351 1874 2411; baseline 0.003 -17"><span class='ocrx_word' id='word_1_270' title='bbox 161 2352 308 2395; x_wconf 90' lang='lat' dir='ltr'><strong>ticibus</strong></span> <span class='ocrx_word' id='word_1_271' title='bbox 328 2352 590 2407; x_wconf 77' lang='lat' dir='ltr'><strong>planetarum</strong></span> <span class='ocrx_word' id='word_1_272' title='bbox 611 2351 834 2411; x_wconf 84' lang='lat' dir='ltr'><strong>consistere</strong></span> <span class='ocrx_word' id='word_1_273' title='bbox 853 2361 1042 2407; x_wconf 88' lang='lat' dir='ltr'><strong>possunt.</strong></span> <span class='ocrx_word' id='word_1_274' title='bbox 1086 2353 1355 2395; x_wconf 77' lang='lat' dir='ltr'><strong>Cometarum</strong></span> <span class='ocrx_word' id='word_1_275' title='bbox 1371 2355 1553 2396; x_wconf 91' lang='lat' dir='ltr'><strong>motibus</strong></span> <span class='ocrx_word' id='word_1_276' title='bbox 1569 2356 1739 2397; x_wconf 74' lang='lat' dir='ltr'><strong>omnino</strong></span> <span class='ocrx_word' id='word_1_277' title='bbox 1759 2356 1874 2399; x_wconf 85' lang='lat' dir='ltr'><strong>locus</strong></span> 
     </span>
     <span class='ocr_line' id='line_1_31' title="bbox 161 2423 1570 2480; baseline 0.001 -13"><span class='ocrx_word' id='word_1_278' title='bbox 161 2439 248 2467; x_wconf 90' lang='lat' dir='ltr'><strong>non</strong></span> <span class='ocrx_word' id='word_1_279' title='bbox 267 2424 367 2480; x_wconf 69' lang='lat' dir='ltr'><strong>erit3</strong></span> <span class='ocrx_word' id='word_1_280' title='bbox 402 2424 486 2467; x_wconf 86' lang='lat' dir='ltr'><strong>nisi</strong></span> <span class='ocrx_word' id='word_1_281' title='bbox 505 2424 681 2465; x_wconf 87' lang='lat' dir='ltr'><strong>materia</strong></span> <span class='ocrx_word' id='word_1_282' title='bbox 700 2423 772 2465; x_wconf 86' lang='lat' dir='ltr'><strong>illa</strong></span> <span class='ocrx_word' id='word_1_283' title='bbox 791 2423 936 2466; x_wconf 83' lang='lat' dir='ltr'><strong>fictitia</strong></span> <span class='ocrx_word' id='word_1_284' title='bbox 954 2424 1120 2480; x_wconf 84' lang='lat' dir='ltr'><strong>penitus</strong></span> <span class='ocrx_word' id='word_1_285' title='bbox 1140 2440 1164 2467; x_wconf 90' lang='lat' dir='ltr'><strong>e</strong></span> <span class='ocrx_word' id='word_1_286' title='bbox 1184 2425 1299 2467; x_wconf 85' lang='lat' dir='ltr'><strong>coelis</strong></span> <span class='ocrx_word' id='word_1_287' title='bbox 1319 2436 1570 2469; x_wconf 85' lang='lat' dir='ltr'><strong>amoveatur.</strong></span> 
     </span>
    </p>

    <p class='ocr_par' dir='ltr' id='par_1_5' title="bbox 119 2487 1917 2990">
     <span class='ocr_line' id='line_1_32' title="bbox 222 2487 1917 2552; baseline 0.004 -15"><span class='ocrx_word' id='word_1_288' title='bbox 222 2496 268 2538; x_wconf 86' lang='lat' dir='ltr'><strong>Si</strong></span> <span class='ocrx_word' id='word_1_289' title='bbox 306 2495 417 2552; x_wconf 82' lang='lat' dir='ltr'><strong>enim</strong></span> <span class='ocrx_word' id='word_1_290' title='bbox 448 2494 628 2550; x_wconf 74' lang='lat' dir='ltr'><strong>planetae</strong></span> <span class='ocrx_word' id='word_1_291' title='bbox 662 2493 820 2536; x_wconf 74' lang='lat' dir='ltr'><strong>circum</strong></span> <span class='ocrx_word' id='word_1_292' title='bbox 849 2495 980 2536; x_wconf 84' lang='lat' dir='ltr'><strong>solem</strong></span> <span class='ocrx_word' id='word_1_293' title='bbox 1018 2511 1044 2537; x_wconf 88' lang='lat' dir='ltr'><strong>a</strong></span> <span class='ocrx_word' id='word_1_294' title='bbox 1080 2496 1305 2538; x_wconf 86' lang='lat' dir='ltr'><strong>vorticibus</strong></span> <span class='ocrx_word' id='word_1_295' title='bbox 1345 2496 1631 2550; x_wconf 83' lang='lat' dir='ltr'><strong>devehuntur3</strong></span> <span class='ocrx_word' id='word_1_296' title='bbox 1673 2501 1876 2543; x_wconf 88' lang='lat' dir='ltr'><strong>vorticum</strong></span> <span class='ocrx_word' id='word_1_297' title='bbox 1908 2487 1917 2496; x_wconf 29' lang='grc' dir='ltr'><strong><em>ἐ</em></strong></span> 
     </span>
     <span class='ocr_line' id='line_1_33' title="bbox 119 2549 1878 2626; baseline 0.005 -20"><span class='ocrx_word' id='word_1_298' title='bbox 119 2599 125 2606; x_wconf 90' lang='grc'><strong><em>.</em></strong></span> <span class='ocrx_word' id='word_1_299' title='bbox 161 2574 314 2624; x_wconf 86' lang='lat' dir='ltr'><strong>partes,</strong></span> <span class='ocrx_word' id='word_1_300' title='bbox 345 2579 439 2621; x_wconf 87' lang='lat' dir='ltr'><strong>quae</strong></span> <span class='ocrx_word' id='word_1_301' title='bbox 458 2564 648 2620; x_wconf 74' lang='lat' dir='ltr'><strong>proxime</strong></span> <span class='ocrx_word' id='word_1_302' title='bbox 688 2565 876 2607; x_wconf 86' lang='lat' dir='ltr'><strong>ambiunt</strong></span> <span class='ocrx_word' id='word_1_303' title='bbox 906 2581 1245 2623; x_wconf 88' lang='lat' dir='ltr'><strong>unumquemque</strong></span> <span class='ocrx_word' id='word_1_304' title='bbox 1278 2567 1501 2623; x_wconf 84' lang='lat' dir='ltr'><strong>planetam,</strong></span> <span class='ocrx_word' id='word_1_305' title='bbox 1534 2571 1718 2626; x_wconf 86' lang='lat' dir='ltr'><strong>ejusdem</strong></span> <span class='ocrx_word' id='word_1_306' title='bbox 1738 2549 1878 2615; x_wconf 88' lang='lat' dir='ltr'><strong>densi-</strong></span> 
     </span>
     <span class='ocr_line' id='line_1_34' title="bbox 162 2637 1877 2699; baseline 0.005 -18"><span class='ocrx_word' id='word_1_307' title='bbox 162 2638 256 2682; x_wconf 83' lang='lat' dir='ltr'><strong>tatis</strong></span> <span class='ocrx_word' id='word_1_308' title='bbox 277 2646 399 2679; x_wconf 91' lang='lat' dir='ltr'><strong>erunt</strong></span> <span class='ocrx_word' id='word_1_309' title='bbox 432 2651 480 2678; x_wconf 84' lang='lat' dir='ltr'><strong>ac</strong></span> <span class='ocrx_word' id='word_1_310' title='bbox 507 2637 696 2693; x_wconf 87' lang='lat' dir='ltr'><strong>planeta3</strong></span> <span class='ocrx_word' id='word_1_311' title='bbox 726 2638 788 2680; x_wconf 84' lang='lat' dir='ltr'><strong>uti</strong></span> <span class='ocrx_word' id='word_1_312' title='bbox 817 2637 943 2694; x_wconf 69' lang='lat' dir='ltr'><strong>supra</strong></span> <span class='ocrx_word' id='word_1_313' title='bbox 962 2639 1118 2681; x_wconf 92' lang='lat' dir='ltr'><strong>dictum</strong></span> <span class='ocrx_word' id='word_1_314' title='bbox 1148 2648 1223 2682; x_wconf 90' lang='lat' dir='ltr'><strong>est.</strong></span> <span class='ocrx_word' id='word_1_315' title='bbox 1284 2642 1431 2699; x_wconf 86' lang='lat' dir='ltr'><strong>Itaque</strong></span> <span class='ocrx_word' id='word_1_316' title='bbox 1450 2644 1622 2686; x_wconf 87' lang='lat' dir='ltr'><strong>materia</strong></span> <span class='ocrx_word' id='word_1_317' title='bbox 1652 2646 1724 2688; x_wconf 88' lang='lat' dir='ltr'><strong>illa</strong></span> <span class='ocrx_word' id='word_1_318' title='bbox 1742 2647 1877 2690; x_wconf 88' lang='lat' dir='ltr'><strong>omnis</strong></span> 
     </span>
     <span class='ocr_line' id='line_1_35' title="bbox 163 2708 1878 2770; baseline 0.008 -22"><span class='ocrx_word' id='word_1_319' title='bbox 163 2724 257 2766; x_wconf 87' lang='lat' dir='ltr'><strong>quae</strong></span> <span class='ocrx_word' id='word_1_320' title='bbox 277 2708 472 2765; x_wconf 87' lang='lat' dir='ltr'><strong>contigua</strong></span> <span class='ocrx_word' id='word_1_321' title='bbox 483 2716 546 2750; x_wconf 91' lang='lat' dir='ltr'><strong>est</strong></span> <span class='ocrx_word' id='word_1_322' title='bbox 565 2708 676 2750; x_wconf 88' lang='lat' dir='ltr'><strong>orbis</strong></span> <span class='ocrx_word' id='word_1_323' title='bbox 696 2709 838 2766; x_wconf 85' lang='lat' dir='ltr'><strong>magni</strong></span> <span class='ocrx_word' id='word_1_324' title='bbox 855 2710 1094 2765; x_wconf 86' lang='lat' dir='ltr'><strong>perimetro,</strong></span> <span class='ocrx_word' id='word_1_325' title='bbox 1124 2726 1269 2766; x_wconf 84' lang='lat' dir='ltr'><strong>parem</strong></span> <span class='ocrx_word' id='word_1_326' title='bbox 1288 2713 1457 2770; x_wconf 82' lang='lat' dir='ltr'><strong>habebit</strong></span> <span class='ocrx_word' id='word_1_327' title='bbox 1486 2730 1534 2757; x_wconf 90' lang='lat' dir='ltr'><strong>ac</strong></span> <span class='ocrx_word' id='word_1_328' title='bbox 1553 2716 1675 2759; x_wconf 86' lang='lat' dir='ltr'><strong>tellus</strong></span> <span class='ocrx_word' id='word_1_329' title='bbox 1695 2718 1878 2762; x_wconf 77' lang='lat' dir='ltr'><strong>densita-</strong></span> 
     </span>
     <span class='ocr_line' id='line_1_36' title="bbox 163 2781 1876 2848; baseline 0.006 -24"><span class='ocrx_word' id='word_1_330' title='bbox 163 2791 271 2825; x_wconf 88' lang='lat' dir='ltr'><strong>tem:</strong></span> <span class='ocrx_word' id='word_1_331' title='bbox 303 2797 396 2839; x_wconf 85' lang='lat' dir='ltr'><strong>quae</strong></span> <span class='ocrx_word' id='word_1_332' title='bbox 415 2781 525 2824; x_wconf 75' lang='lat' dir='ltr'><strong>vero</strong></span> <span class='ocrx_word' id='word_1_333' title='bbox 529 2783 642 2838; x_wconf 86' lang='lat' dir='ltr'><strong>jacet</strong></span> <span class='ocrx_word' id='word_1_334' title='bbox 674 2783 784 2825; x_wconf 70' lang='lat' dir='ltr'><strong>intra</strong></span> <span class='ocrx_word' id='word_1_335' title='bbox 803 2784 948 2826; x_wconf 83' lang='lat' dir='ltr'><strong>orbem</strong></span> <span class='ocrx_word' id='word_1_336' title='bbox 979 2799 1179 2842; x_wconf 87' lang='lat' dir='ltr'><strong>magnum</strong></span> <span class='ocrx_word' id='word_1_337' title='bbox 1200 2794 1323 2843; x_wconf 86' lang='lat' dir='ltr'><strong>atque</strong></span> <span class='ocrx_word' id='word_1_338' title='bbox 1348 2788 1492 2829; x_wconf 89' lang='lat' dir='ltr'><strong>orbem</strong></span> <span class='ocrx_word' id='word_1_339' title='bbox 1515 2789 1694 2841; x_wconf 90' lang='lat' dir='ltr'><strong>Saturni,</strong></span> <span class='ocrx_word' id='word_1_340' title='bbox 1717 2792 1782 2833; x_wconf 92' lang='lat' dir='ltr'><strong>vel</strong></span> <span class='ocrx_word' id='word_1_341' title='bbox 1800 2808 1876 2848; x_wconf 85' lang='lat' dir='ltr'><strong>pa-</strong></span> 
     </span>
     <span class='ocr_line' id='line_1_37' title="bbox 163 2853 1890 2917; baseline 0.005 -22"><span class='ocrx_word' id='word_1_342' title='bbox 163 2868 253 2895; x_wconf 91' lang='lat' dir='ltr'><strong>rem</strong></span> <span class='ocrx_word' id='word_1_343' title='bbox 271 2853 338 2895; x_wconf 88' lang='lat' dir='ltr'><strong>vel</strong></span> <span class='ocrx_word' id='word_1_344' title='bbox 352 2854 550 2909; x_wconf 90' lang='lat' dir='ltr'><strong>majorem</strong></span> <span class='ocrx_word' id='word_1_345' title='bbox 568 2853 750 2896; x_wconf 86' lang='lat' dir='ltr'><strong>habebit.</strong></span> <span class='ocrx_word' id='word_1_346' title='bbox 811 2855 923 2897; x_wconf 89' lang='lat' dir='ltr'><strong>Nam</strong></span> <span class='ocrx_word' id='word_1_347' title='bbox 942 2863 989 2897; x_wconf 88' lang='lat' dir='ltr'><strong>ut</strong></span> <span class='ocrx_word' id='word_1_348' title='bbox 1017 2856 1254 2898; x_wconf 85' lang='lat' dir='ltr'><strong>constitutio</strong></span> <span class='ocrx_word' id='word_1_349' title='bbox 1274 2858 1438 2898; x_wconf 90' lang='lat' dir='ltr'><strong>vorticis</strong></span> <span class='ocrx_word' id='word_1_350' title='bbox 1469 2873 1711 2914; x_wconf 88' lang='lat' dir='ltr'><strong>permanere</strong></span> <span class='ocrx_word' id='word_1_351' title='bbox 1730 2863 1890 2917; x_wconf 72' lang='lat' dir='ltr'><strong>possit,—</strong></span> 
     </span>
     <span class='ocr_line' id='line_1_38' title="bbox 164 2922 1877 2990; baseline 0.006 -25"><span class='ocrx_word' id='word_1_352' title='bbox 164 2923 318 2966; x_wconf 88' lang='lat' dir='ltr'><strong>debent</strong></span> <span class='ocrx_word' id='word_1_353' title='bbox 345 2931 484 2979; x_wconf 89' lang='lat' dir='ltr'><strong>partes</strong></span> <span class='ocrx_word' id='word_1_354' title='bbox 512 2922 649 2965; x_wconf 91' lang='lat' dir='ltr'><strong>minus</strong></span> <span class='ocrx_word' id='word_1_355' title='bbox 680 2924 820 2990; x_wconf 79' lang='lat' dir='ltr'><strong>densae</strong></span> <span class='ocrx_word' id='word_1_356' title='bbox 850 2934 1037 2968; x_wconf 83' lang='lat' dir='ltr'><strong>centrum</strong></span> <span class='ocrx_word' id='word_1_357' title='bbox 1067 2942 1285 2983; x_wconf 87' lang='lat' dir='ltr'><strong>occupare,</strong></span> <span class='ocrx_word' id='word_1_358' title='bbox 1316 2929 1447 2985; x_wconf 86' lang='lat' dir='ltr'><strong>magis</strong></span> <span class='ocrx_word' id='word_1_359' title='bbox 1488 2930 1628 2972; x_wconf 85' lang='lat' dir='ltr'><strong>densae</strong></span> <span class='ocrx_word' id='word_1_360' title='bbox 1657 2932 1823 2990; x_wconf 87' lang='lat' dir='ltr'><strong>longius</strong></span> <span class='ocrx_word' id='word_1_361' title='bbox 1852 2950 1877 2975; x_wconf 80' lang='lat' dir='ltr'><strong>a</strong></span> 
     </span>
    </p>
   </div>
   <div class='ocr_carea' id='block_1_3' title="bbox 166 2993 1885 3099">
    <p class='ocr_par' dir='ltr' id='par_1_6' title="bbox 166 2993 1885 3099">
     <span class='ocr_line' id='line_1_39' title="bbox 166 2993 1885 3052; baseline 0.006 -16"><span class='ocrx_word' id='word_1_362' title='bbox 166 3001 308 3036; x_wconf 88' lang='lat' dir='ltr'><strong>centro</strong></span> <span class='ocrx_word' id='word_1_363' title='bbox 328 2993 454 3036; x_wconf 85' lang='lat' dir='ltr'><strong>abire.</strong></span> <span class='ocrx_word' id='word_1_364' title='bbox 516 2993 625 3036; x_wconf 91' lang='lat' dir='ltr'><strong>Cum</strong></span> <span class='ocrx_word' id='word_1_365' title='bbox 645 2995 756 3038; x_wconf 86' lang='lat' dir='ltr'><strong>enim</strong></span> <span class='ocrx_word' id='word_1_366' title='bbox 787 2995 1048 3051; x_wconf 80' lang='lat' dir='ltr'><strong>planetarum</strong></span> <span class='ocrx_word' id='word_1_367' title='bbox 1082 3004 1268 3051; x_wconf 84' lang='lat' dir='ltr'><strong>tempora</strong></span> <span class='ocrx_word' id='word_1_368' title='bbox 1302 2998 1512 3052; x_wconf 88' lang='lat' dir='ltr'><strong>periodica</strong></span> <span class='ocrx_word' id='word_1_369' title='bbox 1546 3001 1637 3050; x_wconf 88' lang='lat' dir='ltr'><strong>sint</strong></span> <span class='ocrx_word' id='word_1_370' title='bbox 1657 3002 1700 3044; x_wconf 91' lang='lat' dir='ltr'><strong>in</strong></span> <span class='ocrx_word' id='word_1_371' title='bbox 1719 3003 1885 3047; x_wconf 13' lang='lat' dir='ltr'><strong>ratione.</strong></span> 
     </span>
     <span class='ocr_line' id='line_1_40' title="bbox 1034 3070 1101 3099; baseline 0 0"><span class='ocrx_word' id='word_1_372' title='bbox 1034 3070 1056 3099; x_wconf 86' lang='lat' dir='ltr'><strong>b</strong></span> <span class='ocrx_word' id='word_1_373' title='bbox 1080 3071 1101 3099; x_wconf 85' lang='lat'>4</span> 
     </span>
    </p>
   </div>
  </div>
 </body>
</html>
