2086 3542
271 243 352 281 302
508 294 512 298 .
690 234 1139 280 PHILOSOPHIAE
1176 234 1535 278 'NATURALIS
1622 232 1770 285 [Mor.
1793 231 1988 277 Commu.

583 403 961 452 PROPOSITIO
993 406 1086 450 LV.
1162 405 1520 449 THEOREMA
1550 407 1706 449 XIX.-

271 524 320 566 Si
335 537 473 578 corpus
491 527 659 564 movetur
678 522 722 563 in
739 520 940 575 superficie
958 518 1182 575 qudcunque
1201 521 1335 572 curvc’z',
1351 522 1457 576 cujus
1469 523 1643 575 axis-per
1657 528 1829 563 centrum
1843 522 1985 563 virium

327 594 484 643 transit,
505 600 543 634 et
563 608 589 634 a
609 606 769 647 corpore
789 592 831 632 in
851 604 961 631 axem
983 590 1211 631 demittatur
1220 594 1579 646 perpendicularis,
1601 594 1712 647 eique
1729 593 1930 647 parallela
1948 597 1986 632 et

325 666 488 720 aequalae's
509 663 561 705 ab
579 665 668 705 axis
679 667 828 716 puncto
848 661 981 714 quovis
1000 660 1094 699 dato
1113 660 1280 699 ducatur
1295 672 1309 698 .·
1344 665 1432 706 dico
1450 666 1555 720 quod
1577 664 1782 714 'paranda
1802 665 1876 706 illa
1894 674 1986 705 are.

326 751 390 778 am
410 736 575 790 tempori
585 733 922 790 proportionalem
943 729 1140 771 describet.

328 850 392 893 Sit
412 850 450 892 B
474 849 515 891 K
537 849 576 891 L
596 845 833 904 superficies
853 858 991 893 curva,
1014 841 1057 884 Τ
1074 855 1226 897 corpus
1245 841 1289 882 in
1309 839 1358 883 ea
1405 846 1630 897 revolvens,
1662 843 1696 889 S
1715 846 1757 888 T
1778 847 1820 888 R
1849 847 1995 902 trajec-

269 921 387 972 toria,
410 934 533 976 quam
553 933 703 975 corpus
724 918 768 959 in
787 915 932 959 efidem
952 913 1162 964 describit,
1186 913 1217 955 S
1235 911 1400 954 initium
1429 918 1686 974 trajectoriae,
1709 918 1750 959 O
1773 917 1825 959 M
1848 917 1891 959 K
1905 917 1995 959 axis

270 991 500 1048 superficiei
520 1005 669 1040 curvae,
702 988 744 1030 T
764 988 808 1031 N

269 1071 381 1105 recta
407 1077 432 1104 a
460 1075 635 1117 corpore
663 1060 707 1101 in
736 1073 808 1101 ax-

271 1148 339 1175 em
353 1131 719 1189 perpendicularis,
729 1129 811 1172 ΟΡ

269 1204 367 1247 huic
378 1203 574 1260 parallela
587 1211 628 1246 et
640 1202 808 1259 aequalis

269 1290 295 1318 a
306 1282 461 1331 puncto
475 1274 530 1325 Ο,
545 1273 658 1331 quod
672 1273 715 1314 in
730 1287 809 1314 axe

270 1347 406 1398 datur,
429 1346 599 1397 educta3
631 1347 670 1388 A
692 1346 729 1388 P
745 1345 807 1402 (¹¹¹)

271 1419 488 1480 vestigium
516 1417 761 1475 trajectoriae
784 1432 809 1459 a

269 1500 426 1548 puncto
448 1491 484 1533 P
514 1491 557 1532 in
586 1490 707 1532 lineae
735 1504 808 1531 vo-

269 1563 408 1606 lubilis
423 1562 464 1606 O
483 1562 519 1605 P
532 1562 658 1619 plano
673 1562 710 1604 A
722 1561 762 1604 O
773 1562 809 1605 P

271 1634 521 1690 descriptum
536 1649 548 1683 3
579 1634 617 1675 A
647 1633 809 1690 vestigii

270 1705 433 1747 initium
467 1713 624 1760 puncto
660 1705 689 1747 S
723 1718 809 1746 res—

271 1776 484 1833 pondens3
516 1776 558 1818 T
581 1776 616 1818 C
645 1784 758 1818 recta
786 1791 811 1817 a

273 1862 447 1905 corpore
455 1847 507 1889 ad
515 1856 701 1889 centrum
710 1847 808 1888 duc-

273 1928 338 1970 ta3
375 1919 417 1962 T
450 1919 493 1962 G
525 1933 621 1974 pars
653 1919 737 1974 ejus
770 1918 811 1958 vi
879 1939 885 1942 -

274 1990 513 2046 centripetae
548 1989 627 2046 qufi
662 2004 812 2045 corpus

273 2070 444 2121 urgetur
472 2062 516 2103 in
545 2069 732 2103 centrum
758 2060 808 2110 C,

267 2133 617 2191 proportionalis;
675 2132 715 2173 T
759 2130 811 2173 M

270 2213 383 2247 recta
389 2204 443 2247 ad
452 2202 712 2259 superficiem
719 2217 812 2244 cur-

270 2286 363 2318 vam
429 2273 809 2330 perpendiculari53

273 2347 315 2389 T
335 2347 358 2389 Ι
377 2361 472 2402 pars
494 2346 579 2401 ejus
600 2345 640 2386 vi
658 2344 812 2400 pressi-

272 2419 376 2469 onis,
398 2416 478 2473 qu&
500 2431 650 2472 corpus
671 2424 793 2473 urget
814 2417 1076 2472 superficiem
1096 2418 1356 2475 vicissimque
1375 2425 1547 2475 urgetur
1565 2431 1708 2461 versus
1726 2418 1778 2461 M
1798 2433 1823 2460 a
1842 2433 1983 2475 super-

272 2488 379 2538 ficie,
401 2487 747 2543 proportionalis;
781 2485 818 2528 P
840 2486 882 2529 T
904 2487 940 2530 F
959 2495 1072 2530 recta
1091 2489 1160 2529 axi
1189 2488 1384 2543 parallela
1413 2503 1489 2543 per
1518 2503 1668 2544 corpus
1697 2489 1912 2539 transiens,
1943 2497 1986 2531 et

275 2559 317 2600 G
340 2558 389 2609 F,
413 2558 434 2600 I
458 2558 507 2600 H
527 2565 651 2599 rectae
672 2573 696 2598 a
714 2558 880 2612 punctis
903 2558 944 2600 G
966 2566 1008 2601 et
1029 2559 1050 2601 I
1072 2558 1114 2599 in
1133 2559 1373 2613 parallelum
1393 2559 1506 2600 illam
1528 2559 1563 2600 P
1586 2560 1634 2601 H
1651 2559 1692 2602 T
1708 2560 1745 2619 F
1763 2559 1984 2615 perpendi-

274 2628 468 2671 culariter
487 2628 691 2669 demissae.
753 2628 863 2669 Dico
877 2629 979 2684 jam,
1010 2628 1123 2685 quod
1154 2644 1250 2670 area
1288 2630 1328 2671 A
1351 2629 1392 2671 Ο
1415 2630 1463 2680 Ρ,
1499 2630 1616 2671 radio
1652 2629 1694 2672 O
1715 2629 1752 2671 Ρ
1782 2629 1835 2671 ab
1866 2630 1984 2672 initio

254 2708 410 2742 motus
431 2699 648 2754 descripta,
671 2699 723 2740 sit
742 2700 920 2754 tempori
948 2699 1281 2754 proportionalis.
1341 2700 1451 2742 Nam
1481 2700 1541 2742 vis
1573 2700 1615 2741 T
1645 2699 1687 2742 G
1718 2702 1811 2753 (per
1843 2699 1984 2757 legum

277 2770 416 2812 Corol.
438 2770 498 2824 2.)
528 2769 747 2812 resolvitur
766 2770 807 2811 in
829 2770 938 2811 vires
959 2770 1002 2811 T
1024 2770 1072 2820 F,
1097 2770 1132 2811 F
1153 2770 1197 2812 G
1215 2785 1227 2820 ;
1258 2778 1300 2811 et
1319 2770 1379 2811 vis
1401 2770 1443 2811 T
1464 2770 1485 2811 I
1514 2770 1557 2810 in
1586 2769 1692 2810 vires
1713 2769 1755 2810 T
1776 2769 1838 2821 H,
1862 2770 1912 2813 H
1932 2770 1981 2812 I:

321 2881 374 2923 (¹²²)
401 2883 417 2902 0
441 2882 473 2913 A
492 2884 520 2913 P
533 2883 695 2921 vestigium,
713 2881 769 2912 sm.
805 2865 852 2911 'Si
874 2890 985 2920 corpus
1005 2878 1038 2910 in
1060 2889 1112 2909 su-
1154 2878 1237 2919 gulis
1250 2888 1351 2909 curvae
1365 2877 1522 2917 descriptae
1536 2878 1658 2916 punctis
1678 2878 1836 2919 erigantur
1853 2888 1984 2919 perpen-
2003 2886 2005 2889 '

277 2923 400 2964 perficie
413 2923 598 2964 quicunque
613 2923 707 2954 curva
716 2929 886 2960 moveatur,
898 2933 1015 2962 suoque
1025 2928 1113 2952 motu
1155 2920 1316 2955 diculares,
1339 2931 1470 2960 quarum
1494 2921 1698 2951 extremitates
1723 2921 1815 2951 aliam
1835 2921 1868 2951 in
1891 2921 1983 2960 plano

278 2975 404 2997 curvam
418 2965 569 2997 describat
583 2976 653 3006 quae
674 2966 707 2996 in
733 2966 827 3004 plano
852 2965 951 3004 posita
974 2974 1038 2995 non
1063 2964 1112 3002 sit,
1155 2962 1269 2994 lineam
1285 2962 1465 2999 describent,
1491 2963 1557 2992 hoec
1582 2962 1665 2994 linea
1689 2963 1797 3003 primae
1819 2963 1983 3006 vestigium

278 3008 319 3039 ad
333 3007 462 3047 planum
477 3014 522 3038 est
535 3008 705 3044 referenda,
717 3007 811 3047 idque
822 3007 858 3038 fit
871 3007 897 3038 si
910 3007 944 3038 in
953 3005 1112 3046 superficie
1153 3015 1209 3037 eeu
1223 3004 1306 3036 linea
1319 3004 1513 3046 projectionis
1526 3004 1646 3036 dicitur.
1950 3002 1954 3008 ⁴

278 3049 373 3082 curvfi
388 3049 514 3090 aliquod
528 3049 663 3091 fingatur
677 3050 806 3090 planum
825 3049 865 3080 ad
884 3048 967 3091 quod
989 3059 1026 3080 ex
1048 3049 1110 3079 sin-
