2086 3542
612 255 1055 300 PHILOSOPHIAE
1085 247 1442 296 NATURALIS
1550 252 1694 305 [ΜοΤ.
1718 254 1916 298 Com’on.

235 265 313 303 162

228 381 269 414 et
287 378 479 414 notentur
497 379 651 426 puncta
671 371 736 421 M,
769 370 812 413 N
830 371 873 411 in
893 370 1039 425 quibus
1059 368 1187 409 altera
1215 381 1330 408 crura
1356 367 1392 408 B
1414 365 1464 416 L,
1499 366 1534 407 C
1555 366 1594 407 L
1628 381 1723 408 casu
1744 375 1916 423 utroque

227 459 271 485 se
290 443 519 484 decussant.
580 443 740 498 Agatur
758 450 872 484 recta
888 440 1047 481 infinita
1068 438 1118 479 M
1139 438 1194 487 N,
1226 445 1267 478 et
1296 443 1481 481 rotentur
1500 435 1638 492 anguli
1667 432 1725 476 illi
1745 437 1916 479 mobiles

227 515 379 567 circum
397 513 515 567 polos
533 526 629 553 suos
652 511 704 562 B,
737 511 786 561 C,
817 509 863 552 efi
884 510 974 565 lege
994 516 1039 549 ut
1058 522 1222 549 crurum
1244 507 1281 548 B
1301 507 1352 557 L,
1387 506 1422 546 C
1443 505 1481 546 L
1495 505 1562 546 vel
1578 503 1614 547 B
1632 505 1696 556 Μ,
1730 506 1766 547 C
1783 507 1835 548 M
1853 508 1916 548 in-

225 583 428 633 tersectio,
457 597 549 638 quae
571 582 658 636 jam
687 581 738 621 sit
1544 598 1551 601 ν

226 670 281 705 m,
311 653 464 696 incidat
502 665 660 706 semper
693 650 735 690 in

227 733 380 767 rectam
407 724 519 765 illam
533 721 733 762 infinitam

228 795 280 837 M
301 795 367 845 N;
384 802 424 836 et
439 806 603 835 crurum
620 791 657 832 B
674 790 729 839 A,

227 866 336 916 CA,
366 865 432 906 vel
467 863 580 912 BD,
614 859 728 909 CD,

224 933 469 983 intersectio‚
518 945 610 986 quae
642 929 729 984 jam

224 1003 276 1044 sit
341 1002 382 1053 d,
455 998 728 1054 trajectoriam

225 1072 436 1128 quaesitam
476 1069 512 1110 P
547 1069 588 1109 A
615 1067 659 1108 D
699 1065 728 1105 d

227 1145 265 1186 B
305 1139 535 1182 delineabit.
614 1136 726 1177 Nam

226 1219 422 1268 punctum
444 1209 471 1249 d
494 1211 584 1263 (per
605 1205 726 1247 Lem.

228 1281 377 1333 XXI.)
409 1278 619 1333 continget
638 1289 723 1316 sec·
783 1296 789 1300 ·

199 1354 201 1357 ’
225 1353 379 1395 tionem
417 1349 600 1390 conicam
647 1359 723 1400 per

224 1432 378 1480 puncta
409 1423 460 1473 B,
494 1421 530 1461 C
568 1428 725 1461 transe-

223 1502 389 1544 untem3
420 1501 461 1535 et
494 1491 565 1534 ubi
596 1503 726 1545 punc-

203 1564 313 1607 ‘tum
368 1578 411 1604 m
471 1560 627 1603 accedit
673 1558 727 1599 ad

222 1642 376 1689 puncta
405 1633 455 1683 L,
488 1631 552 1680 M,
585 1623 649 1679 N,
671 1633 868 1682 punctum
907 1625 935 1666 d
971 1628 1061 1680 (per
1092 1626 1451 1680 constructionem)
1472 1630 1638 1672 accedet
1669 1631 1723 1673 ad
1759 1639 1912 1686 puncta

224 1705 279 1754 A,
296 1703 411 1752 D,P.
471 1696 740 1742 Describetur
772 1697 908 1751 itaque
925 1696 1058 1736 sectio*
1089 1696 1233 1736 ‘conica
1251 1697 1449 1738 transiens
1469 1713 1543 1752 per
1560 1708 1714 1755 puncta
1732 1701 1910 1756 quinque

226 1774 280 1824 A,
313 1774 364 1822 B,
398 1771 446 1821 C,
479 1771 528 1819 P,
560 1769 617 1810 D.
677 1768 730 1815 Q.
766 1781 801 1807 e.
830 1765 858 1806 f.

282 1842 409 1883 Corol.
435 1844 468 1879 l.
491 1839 537 1893 (f)
561 1838 676 1879 Hinc
691 1843 801 1877 recta
816 1833 1003 1889 expedite
1023 1834 1117 1875 duci
1135 1843 1281 1888 potest,
1304 1850 1396 1891 quae
1407 1839 1677 1893 trajectoriam
1697 1840 1909 1896 quaesitam

216 1917 266 1952 ,1n
284 1917 438 1965 puncto
457 1907 597 1964 quovis
617 1906 712 1947 dato
734 1906 771 1947 B
792 1905 1009 1961 continget.
1069 1905 1250 1948 Accedat
1277 1916 1475 1960 punctum
1494 1909 1523 1950 d
1555 1910 1608 1951 ad
1626 1920 1823 1965 punctum
1854 1911 1905 1961 B,

223 1989 265 2022 et
278 1987 389 2022 recta
409 1979 447 2020 B
466 1978 499 2018 d‘
515 1976 658 2018 evadet
677 1984 847 2031 tangens
868 1974 1048 2030 qu'aesita.

282 2050 407 2091 Corol.
439 2053 478 2087 2.
510 2048 554 2102 (⁸)
586 2045 711 2088 Unde
727 2045 848 2086 etiam
862 2044 1184 2098 trajectoriarum
1204 2053 1354 2096 centra,
1385 2047 1571 2089 diametri
1591 2056 1632 2090 et
1649 2049 1778 2091 latera
1795 2056 1904 2091 recta

223 2118 393 2162 inveniri
412 2123 592 2171 possunt,
631 2123 679 2156 ut
696 2115 740 2155 in
759 2113 973 2155 corollario
993 2113 1171 2154 secundo
1188 2114 1410 2169 Lemmatis
1430 2117 1560 2158 XIX.

1081 2241 1178 2272 donec
1193 2252 1317 2273 crurum
1340 2244 1366 2275 C
1383 2245 1425 2280 D,
1453 2245 1481 2276 Β
1499 2246 1531 2276 D
1560 2254 1726 2277 coneum
1748 2246 1790 2284 D,
1813 2257 1900 2287 repe-

225 2231 227 2235 Ι
266 2248 309 2320 g)
331 2250 403 2278 317.
430 2246 575 2285 Tangens
589 2243 622 2273 in
638 2244 678 2280 B,
702 2242 844 2273 coincidit
864 2252 937 2272 cum
950 2251 1037 2272 crure

223 2291 252 2321 B
1080 2284 1174 2313 riatur
1179 2284 1212 2313 in
1221 2285 1301 2315 recti
1310 2286 1446 2326 tangenti
1452 2287 1610 2325 parallel&
1621 2287 1670 2318 vel
1675 2287 1796 2318 tandem
1803 2299 1899 2328 punc-

301 2288 409 2329 anguli
423 2287 544 2317 mobilis
558 2286 579 2316 d
595 2286 622 2316 B
638 2295 679 2320 m,
702 2285 779 2315 dum
793 2284 917 2314 alterius
931 2283 1037 2323 anguli

222 2332 244 2362 d
261 2333 286 2362 C
301 2341 343 2366 m,
366 2339 435 2360 crus
463 2329 488 2359 C
512 2328 541 2364 d,
566 2327 709 2357 coincidit
734 2336 806 2356 cum
829 2325 909 2355 rectit
937 2326 962 2356 C
994 2326 1032 2355 Β.

223 2374 307 2404 Nam
321 2373 354 2402 in
367 2371 427 2402 hoc
448 2381 529 2406 casu,
552 2369 664 2400 chorda
682 2369 709 2399 B
725 2368 746 2398 d
760 2368 909 2398 evanescit
932 2373 962 2396 et
981 2377 1036 2405 po-

222 2416 330 2445 sitione
354 2413 496 2454 congruit
514 2422 587 2442 cum
614 2417 778 2451 tangente;
801 2408 884 2439 unde
908 2415 1036 2449 tangens

222 2468 275 2496 per
288 2462 437 2495 punctum
447 2453 575 2495 quodvis
583 2453 691 2483 datum
706 2451 844 2491 expedite
858 2451 929 2481 duci
938 2457 1036 2490 potest

223 2499 313 2528 etiam
340 2497 477 2527 nondum
517 2494 667 2533 descripta
701 2494 832 2524 sectione
860 2493 973 2529 conica,
1009 2493 1035 2522 si

221 2547 370 2579 punctum
384 2538 462 2568 illud
477 2538 585 2568 datum
609 2546 660 2575 pro
674 2536 745 2575 polo
760 2541 931 2574 usurpetur.

265 2582 305 2623 (“)
333 2585 402 2611 318.
442 2581 502 2610 Per
526 2578 653 2618 quodvis
679 2583 865 2616 punctorum
893 2576 1033 2606 datorum

221 2631 296 2662 puta
309 2625 339 2658 h,
355 2623 416 2652 duc
436 2620 613 2662 trajectoriae
627 2625 812 2658 tangentem,
839 2624 869 2648 et
882 2628 936 2656 per
948 2616 1033 2647 aliud

221 2665 347 2704 quodvis
371 2670 522 2703 punctum
547 2661 653 2692 datum
670 2662 706 2697 C,
729 2661 789 2690 duc
816 2659 953 2700 tangenti
970 2661 1034 2696 'pa-

222 2707 356 2736 rallelam
371 2710 579 2736 occurrentem
597 2703 772 2743 trajectoriae
790 2702 855 2742 jum
877 2700 1033 2738 descriptae

205 2748 255 2777 .in
283 2755 395 2786 puncto
420 2747 460 2777 ali
482 2756 523 2777 uo
538 2757 547 2782 3
562 2751 623 2778 „aut
636 2745 661 2774 si
686 2744 833 2782 descripta
853 2752 916 2772 non
940 2741 1033 2772 fuerit

222 2789 388 2830 trajectoria
408 2789 451 2819 cir
508 2787 603 2828 polos,
624 2792 761 2817 rotentur
774 2783 880 2826 anguli
893 2783 1030 2821 mobiles,

1080 2330 1147 2373 tum
1159 2325 1236 2355 illud
1246 2327 1277 2355 in
1289 2337 1352 2367 quo
1362 2334 1444 2358 recta
1453 2328 1593 2369 tangenti
1602 2329 1745 2368 parallela
1758 2331 1898 2361 tra'ecto-

1079 2377 1132 2396 rlae
1138 2369 1276 2416 occurrit,
1287 2369 1470 2408 geometrice
1480 2377 1634 2413 quaeratur
1641 2381 1695 2410 per
1703 2371 1788 2401 Lem.
1831 2372 1895 2404 IX.

1082 2409 1251 2457 Nain(v1d.
1263 2410 1316 2450 fig.
1332 2416 1363 2440 et
1373 2411 1535 2441 demomtr.
1547 2412 1636 2442 Lem.
1654 2413 1749 2447 XX.)
1761 2422 1832 2443 cum
1841 2412 1895 2443 'da-

1079 2457 1111 2498 ¹?
1119 2457 1178 2480 smt
1186 2451 1320 2491 quinque
1328 2457 1442 2490 puncta
1455 2453 1488 2487 C,
1503 2453 1544 2490 A,
1559 2454 1597 2488 B,
1614 2454 1656 2489 D,
1671 2454 1708 2490 P,
1719 2454 1839 2485 dabitur
1847 2465 1893 2486 m-

1079 2498 1122 2522 no
1130 2498 1270 2522 constans
1279 2494 1526 2534 rectangulorum
1538 2495 1565 2524 P
1579 2495 1612 2530 Q
1623 2499 1656 2531 ><
1673 2495 1701 2525 Ρ
1719 2496 1758 2530 R,
1776 2496 1805 2526 P
1817 2497 1838 2526 S
1855 2501 1888 2534 χ

1079 2534 1108 2563 Ρ
1125 2534 1162 2570 Τ,
1185 2535 1242 2564 hoc
1253 2540 1307 2571 est,
1329 2536 1579 2576 rectangulorum
1596 2538 1628 2569 D
1641 2537 1706 2574 Ε><
1719 2538 1751 2568 Ι)
1761 2538 1796 2575 F,
1810 2538 1843 2569 D
1856 2539 1886 2570 G

1101 2617 1108 2623 .
1129 2579 1162 2611 χ
1180 2574 1212 2605 D
1229 2575 1272 2610 H,
1296 2575 1431 2616 adeoque
1457 2579 1525 2617 (per
1541 2578 1629 2608 Lem.
1662 2578 1782 2616 XIX.)
1804 2579 1892 2610 inve-

1077 2623 1178 2646 metur
1191 2622 1341 2655 punctum
1355 2628 1518 2648 concursus
1532 2619 1708 2659 trajectoriae
1721 2630 1793 2650 cum
1807 2621 1888 2652 linea

1075 2668 1130 2706 per
1144 2665 1293 2696 punctum
1307 2659 1414 2690 datum
1431 2661 1456 2691 C
1471 2660 1573 2691 ductii.
1618 2661 1735 2692 Caetera
1755 2662 1830 2693 fiant
1851 2670 1888 2695 ut

1074 2710 1108 2729 m
1125 2700 1237 2730 Coroll.
1265 2700 1312 2731 20.
1339 2701 1430 2732 Lem.
1460 2702 1561 2732 XIX.
1580 2709 1702 2742 possent
1712 2704 1803 2734 etiam
1825 2710 1886 2736 tro-

1070 2741 1265 2781 jectoriarum
1279 2752 1350 2773 axes
1364 2748 1394 2773 et
1408 2749 1512 2774 centra
1525 2743 1653 2775 inveniri
1666 2755 1703 2775 eo
1723 2745 1814 2777 modo
1824 2757 1886 2787 quo

1074 2782 1234 2815 docuimus
1247 2793 1332 2815 num.
1349 2787 1421 2816 514,
