2086 3542
254 280 331 318 154
684 266 1132 311 PHILOSOPHIAE
1170 264 1531 309 NATURALIS
1589 264 1736 316 [Mo'r.
1757 264 1964 316 Conveni

251 389 379 433 currit
396 383 501 438 loco,
531 384 640 427 linea
662 386 702 427 A
725 384 992 427 Hexistente
1005 417 1007 419 .
1021 380 1194 432 infinita,
1226 381 1341 422 locus
1356 381 1434 422 erit
1451 380 1661 436 parabola,
1684 387 1726 422 et
1742 380 1851 425 latus
1865 394 1954 427 rec-
2018 382 2022 384 ’

251 515 342 549 tum
357 486 442 559 ejus
462 501 514 545 ad
534 502 779 543 diametrum
800 500 841 541 A
862 498 905 541 G
924 498 1132 554 pertinens
1153 497 1231 539 erit
1253 454 1402 564 BAGGfl
1414 526 1425 537 .
1473 497 1546 538 Sin
1566 511 1615 539 ea
1635 496 1784 538 alicubi
1809 511 1952 539 occur-

252 603 319 652 rit,
349 602 463 642 locus
491 597 718 654 hyperbola
737 595 827 646 erit,
858 594 930 635 ubi
962 601 1116 648 puncta
1136 593 1175 634 A
1197 600 1238 633 et
1260 592 1309 634 H
1328 591 1406 633 sita
1425 599 1521 633 sunt
1554 592 1608 634 ad
1628 592 1793 634 easdem
1812 600 1950 648 partes

251 671 378 727 ipsius
400 669 443 711 G
463 685 472 710 :
504 677 545 710 et
579 667 741 721 ellipsis,
773 664 844 705 ubi
866 664 907 705 G
942 662 1230 704 intermedium
1260 669 1334 711 est,
1365 661 1446 702 nisi
1463 661 1569 703 forte
1589 662 1764 719 angulus
1785 663 1827 703 A
1849 662 1891 704 G
1912 663 1951 706 B

251 749 387 784 rectus
417 740 480 790 sit,
512 747 554 781 et
571 739 739 792 insuper
761 737 799 778 B
816 736 859 778 G
879 734 999 791 quad.
1020 734 1178 790 aequale
1197 733 1436 797 rectangulo
1457 733 1498 775 A
1519 734 1561 775 G
1584 734 1646 784 H,
1678 749 1760 790 quo
1779 735 1824 776 in
1856 749 1961 776 casu·
2023 736 2026 740 ⁴

251 812 424 854 circulus
444 810 673 852 habebitur.

306 884 444 939 Atque
459 883 515 923 ita
533 880 797 936 problematis
817 878 1074 920 veterumde
1106 884 1280 934 quatuor
1299 876 1417 918 lineis
1438 876 1490 918 ab
1512 876 1685 919 Euclide
1710 877 1878 933 incoepti
1908 886 1951 920 et

249 954 301 995 ab
323 952 546 1008 Apollonio
566 951 790 993 continuati
810 965 898 992 non
913 949 1103 999 calculus,
1147 948 1221 990 sed
1241 948 1484 1004 compositio
1502 949 1763 1006 geometrica,
1785 948 1949 1005 qualem

247 1031 403 1066 veteres
419 1022 659 1079 quaerebant
686 1021 730 1062 in
749 1021 829 1063 hoc
842 1019 1062 1062 corollario
1082 1018 1312 1060 exhibetur.
1344 1018 1387 1074 (¹)

917 1187 1150 1230 LEMMA
1180 1186 1286 1229 XX.

247 1292 292 1334 Si
302 1290 709 1345 parallelogrammum
730 1288 888 1343 quodvis
909 1288 949 1329 A
971 1289 1001 1329 S
1030 1288 1065 1330 P
1086 1287 1129 1337 Q
1158 1288 1313 1342 angulis
1332 1287 1474 1329 duobus
1494 1288 1680 1341 oppositis
1697 1288 1738 1330 A
1753 1293 1790 1328 et
1804 1288 1841 1330 P
1859 1294 1950 1330 tan-

298 1363 361 1417 git
379 1362 577 1403 sectionem
598 1360 769 1415 quamvis
794 1360 963 1400 conicum
983 1359 1026 1399 in
1047 1360 1206 1412 punctis
1228 1359 1269 1401 A
1288 1364 1326 1399 et
1347 1358 1406 1409 P;
1437 1364 1475 1399 et
1493 1359 1679 1400 lateribus
1692 1360 1806 1400 unius
1825 1373 1950 1414 angu-

303 1433 424 1473 lorum
454 1433 607 1472 illorum
627 1427 779 1485 ἱφῃῖηἱίέ
790 1431 992 1483 productis
1014 1430 1053 1471 A
1076 1430 1131 1479 Q,
1165 1429 1206 1471 A
1224 1430 1253 1471 S
1282 1431 1447 1470 occurrit
1480 1430 1600 1470 eidem
1619 1431 1780 1470 sectioni
1808 1431 1952 1470 conicae

304 1503 346 1544 in
370 1503 407 1545 B
427 1509 465 1544 et
486 1503 523 1544 C
540 1518 552 1552 3
591 1517 618 1542 α
634 1503 788 1555 punctis
808 1507 933 1542 autem
954 1515 1168 1543 occursuum
1192 1501 1228 1542 B
1248 1508 1286 1542 et
1308 1500 1343 1542 C
1363 1502 1419 1541 ad
1446 1502 1619 1555 quintum
1640 1502 1798 1555 quodvis
1816 1501 1951 1542 sectio-

301 1574 364 1615 nis
382 1574 523 1614 conicae
547 1578 730 1626 punctum
751 1572 795 1613 D
825 1577 996 1625 agantur
1023 1577 1138 1611 rectae
1157 1572 1245 1611 duce
1276 1571 1312 1613 B
1334 1571 1393 1621 D,
1428 1562 1529 1612 C'D
1549 1577 1785 1612 occurrentes
1815 1571 1975 1612 alteris*
2006 1589 2019 1605 x

300 1645 442 1686 duobus
463 1641 614 1696 infinite
625 1643 828 1696 productis
839 1642 1203 1696 parallelogrammi
1221 1643 1406 1698 lateribus
1428 1642 1464 1684 P
1485 1643 1529 1692 S,
1553 1642 1590 1684 P
1611 1641 1654 1691 Q
1683 1642 1726 1682 in
1748 1642 1798 1684 T·
1822 1648 1861 1683 et
1883 1642 1950 1684 R:

301 1722 413 1757 erunt
431 1729 577 1768 semper
597 1714 773 1754 abscissae
791 1714 952 1753 laterum
983 1719 1118 1765 partes
1141 1713 1177 1754 P
1201 1713 1241 1754 R
1261 1710 1302 1754 et'
1320 1713 1357 1755 P
1377 1713 1419 1755 T
1437 1715 1493 1754 ad
1512 1714 1671 1754 invicem
1692 1713 1734 1753 in
1764 1712 1864 1754 datd
1883 1727 1952 1753 ra-

300 1786 415 1826 tione.
474 1786 532 1825 Et
551 1790 699 1832 contra,
724 1783 757 1822 si
781 1787 921 1835 partes
940 1782 1021 1821 illae
1039 1781 1214 1822 abscissae
1231 1788 1320 1822 sunt
1339 1783 1395 1822 ad
1412 1783 1571 1823 invicem
1593 1781 1637 1821 in
1657 1780 1755 1822 datd
1783 1783 1949 1833 ratione,

295 1860 479 1907 punctum
497 1853 539 1894 D
560 1859 693 1906 tanget
709 1851 908 1892 sectionem
927 1850 1096 1890 conicam
1112 1863 1188 1903 per
1205 1856 1349 1903 puncta
1369 1857 1535 1905 quatuor
1552 1850 1605 1900 A,
1625 1850 1676 1902 B,
1697 1850 1745 1902 C,
1766 1851 1802 1893 P
1821 1858 1950 1893 trans-

299 1930 458 1965 euntem.

305 2008 394 2049 Cas.
429 2012 466 2048 1.
506 2004 740 2062 Jungantur
762 2002 799 2044 Β
822 2002 870 2054 Ρ,

249 2078 285 2119 C
310 2077 343 2118 P
366 2085 407 2119 et
426 2093 451 2118 a
469 2084 625 2132 puncto
645 2075 689 2117 D
706 2082 880 2132 agantur
902 2058 939 2102 c
1062 2087 1178 2139 ..........

249 2156 374 2189 rectae
394 2148 488 2188 duae
505 2148 548 2189 D
568 2147 621 2198 G,
640 2147 684 2189 D
707 2147 758 2197 E,
781 2162 880 2203 qua·
1055 2144 1072 2160 ’³
1074 2136 1335 2204 ..................

247 2233 341 2259 rum
371 2219 485 2273 prior
511 2218 555 2259 D
594 2217 636 2259 G
657 2217 736 2272 ipsi
769 2217 810 2258 A
842 2217 880 2259 B
911 2230 950 2277 S
1339 2202 1427 2243 ........

246 2289 443 2343 parallela
457 2289 511 2330 sit
524 2296 566 2330 et
577 2296 766 2330 occurrat
784 2288 817 2329 P
827 2287 878 2339 B,

248 2360 284 2401 P
302 2359 357 2409 Q,
377 2359 414 2400 C
431 2359 533 2400 Ain
551 2358 612 2408 H,
632 2359 667 2408 I,
689 2359 881 2408 G;a1te-

245 2445 292 2471 ra
309 2430 353 2472 D
366 2429 404 2471 E
419 2444 447 2484 p
474 2429 613 2470 rallela
631 2429 682 2470 sit
696 2429 775 2484 ipsi
792 2430 830 2471 A
843 2429 879 2472 C

244 2507 285 2540 et
315 2507 506 2543 occurrat
534 2499 570 2541 P
588 2499 636 2550 C,
658 2499 694 2541 P
718 2500 762 2550 S,
781 2500 822 2541 A
841 2500 879 2542 B
946 2516 967 2534 κ

241 2570 286 2611 in
323 2570 371 2621 F,
406 2569 461 2620 K,
495 2569 532 2610 E
553 2586 563 2611 ε
597 2577 637 2610 et
671 2570 750 2610 erit
785 2573 878 2624 (per

243 2640 361 2682 Lem.
384 2639 551 2692 XVII.)
587 2640 875 2696 rectangulum

243 2711 287 2752 D
305 2711 343 2752 E
375 2721 408 2755 ><
429 2711 473 2752 Ι)
506 2710 542 2751 F
568 2710 623 2751 ad
656 2718 874 2768 rectangu-

245 2780 331 2821 lum
344 2781 387 2822 D
406 2781 448 2822 G
477 2789 510 2823 ><
530 2781 640 2822 D’H
656 2781 698 2821 in
716 2781 874 2824 ratione

243 2850 352 2894 data.
398 2851 481 2893 Sed
501 2859 563 2893 est
579 2851 615 2895 P
638 2851 680 2901 Q
696 2852 749 2893 ad
770 2852 813 2894 D
836 2852 873 2894 E
1859 2861 1918 2894 κ).

241 2921 926 2978 (εςειιΙΩ)ιιιΡΒε;ι(1ΗΒ,ρῚ
970 2916 979 2930 “
1058 2973 1061 2981 Δ
1235 2954 1237 2957 v
1462 2916 1496 2958 Q
1814 2916 1922 2963 ΕΒ

1482 2262 1527 2286 η...

1530 2283 1555 2298 *-

1478 2295 1622 2329 ''''''''

1625 2321 1677 2348 .....

1680 2345 1733 2370 .....

1012 2634 1328 2644 nnn-qnnn-...nun
1334 2635 1464 2644 nnn-n.-
1476 2624 1810 2650 ι..,,.-..-.-’-’4,η--......“..ἔρῃ...»

160 3047 165 3050 ,
241 3018 320 3050 bola.
343 3018 466 3050 ‘Porta
478 3020 555 3052 datis
569 3022 711 3054 sectionis
722 3024 835 3056 conicae
845 3025 965 3064 νει-εἷσε,
989 3025 1054 3058 dia-
1101 3028 1173 3060 Lib.
1199 3030 1227 3059 1.
1256 3028 1363 3060 Conic.
1385 3029 1491 3068 Apoll.
1521 3031 1583 3062 sive
1605 3041 1643 3062 ex
1669 3032 1707 3062 iis
1724 3032 1853 3074 quaeju
1873 3032 1947 3066 nota

243 3067 351 3098 metro,
366 3062 459 3102 hujus
474 3062 567 3093 latere
579 3071 660 3095 recto
675 3077 710 3097 ac
721 3067 931 3099 ordinatarum
938 3069 1056 3110 angulo
1100 3074 1171 3102 224.
1193 3069 1233 3101 de
1264 3071 1388 3102 Conicis
1408 3073 1519 3103 tradita
1532 3073 1643 3114 fuere).

244 3103 337 3136 sectio
351 3102 480 3135 describi
494 3111 593 3144 potest
606 3109 674 3148 (per
690 3109 782 3149 Prop.
799 3114 848 3143 52.
868 3115 917 3144 53.
938 3114 990 3144 54.
1004 3114 1054 3144 55.
1118 3124 1121 3127 ¹
1143 3113 1192 3155 (¹)
1218 3116 1235 3136 ὓ
1262 3113 1335 3145 Hoc
1363 3121 1501 3146 veterum
1516 3117 1674 3156 problema
1696 3117 1813 3158 primus
1833 3117 1866 3148 in
1887 3116 1944 3149 aua
2021 3139 2023 3142 ι
