2086 3542
269 232 350 269 304
681 224 1126 279 PHILOSOPHIAE
1155 225 1516 270 NATURALIS
1601 225 1742 278 [Mor.
1766 224 1957 277 Gomon,

520 377 895 421 PROPOSITIO
925 378 1043 421 LVI.
1105 377 1448 420 PROBLEMA
1478 377 1724 420 XXXVII.

277 475 469 522 Conces‘sis
478 479 707 533 figurarum
726 479 1026 519 curvilinearum
1045 478 1310 531 quadraturis,
1331 478 1507 531 datisque
1527 483 1604 517 tum
1633 477 1715 530 lege
1743 477 1802 518 vis
1828 469 1979 525 centri--

320 557 430 606 petae
447 552 504 592 ad
519 557 688 593 centrum
707 552 839 592 datum
857 550 1062 600 tendentis,
1083 556 1163 591 tum
1181 550 1378 606 superficie
1396 547 1514 590 curva
1539 547 1644 603 cujus
1671 549 1760 589 axis
1783 562 1859 602 per
1884 538 1980 592 cen--
2015 533 2018 536 Δ

329 627 432 662 trum
452 621 551 661 illud
568 621 713 661 transit
725 641 740 666 ,-
773 619 1006 660 invenienda
1025 625 1081 659 est
1100 618 1328 671 trajectoria
1356 631 1470 670 quam
1504 631 1640 671 corpus
1667 618 1711 658 in
1744 617 1876 659 eadem
1907 633 1972 660 su-

320 692 484 746 peffi'cie
520 691 717 741 describet,
758 691 807 731 de
843 691 925 730 loco
955 691 1062 739 dato,
1098 687 1195 729 data
1228 702 1310 728 cum
1339 688 1553 738 velocitate,
1583 701 1711 729 versus
1731 689 1896 743 plagam
1929 690 1971 730 in

328 762 529 817 superficie
548 760 620 802 illd
639 761 773 802 datam
801 773 1000 814 egressum.

330 875 544 920 ‘Stantibus
564 889 656 930 quae
675 874 719 914 in
740 871 949 928 superiore
968 871 1248 928 propositione
1277 878 1510 913 constructa
1538 878 1645 923 sunt,
1676 881 1795 914 exeat
1823 887 1972 929 corpus

316 997 391 1025 485.
416 995 504 1025 Lem.
522 993 590 1023 Sint
601 992 692 1031 ellip-
1183 993 1256 1022 485.
1284 992 1376 1023 Corol.
1402 994 1429 1021 1.
1456 989 1573 1021 Iisdem
1587 990 1702 1030 positis,
1718 990 1744 1021 si
1758 996 1863 1021 centro
1873 990 1973 1027 T,ra-

275 1047 342 1067 seos
357 1036 438 1066 datae
455 1036 483 1066 L
502 1035 523 1066 S
539 1045 605 1064 mn
618 1043 691 1065 axes
870 1020 906 1065 Ο
1141 1032 1195 1063 dio
1215 1043 1310 1085 quam
1329 1033 1460 1063 minimo
1486 1033 1516 1064 T
1540 1040 1564 1070 t,
1591 1032 1732 1063 circellus
1755 1032 1789 1062 in
1813 1032 1974 1071 superficie

923 1046 1047 1304 kl)

278 1080 308 1110 L
322 1089 366 1113 m,
394 1079 415 1108 S
430 1088 461 1115 n,
485 1082 626 1107 centrum
650 1076 688 1112 P,
1143 1085 1237 1106 curva
1253 1076 1281 1107 B
1299 1076 1330 1105 A
1348 1075 1377 1105 T
1393 1076 1421 1106 L
1436 1074 1631 1112 describatur,
1648 1074 1788 1105 circellus
1808 1074 1864 1105 ille-
1882 1083 1974 1105 evan-

279 1121 309 1152 Ο
327 1125 478 1159 punctum
493 1119 526 1149 in
547 1129 604 1149 axe
624 1129 647 1148 n
669 1119 691 1149 S
1144 1127 1249 1148 escens
1263 1117 1320 1148 erit
1333 1117 1366 1147 in
1380 1118 1473 1156 plano
1488 1117 1680 1157 superficiem
1690 1127 1816 1148 curvam
1825 1122 1980 1156 tangente.

276 1163 429 1202 producto
438 1161 555 1197 datum,
562 1171 583 1200 p
592 1171 690 1199 punc·
1143 1160 1178 1189 in
1187 1161 1224 1197 T,
1231 1159 1367 1200 adedque
1376 1160 1509 1200 angulus
1519 1159 1726 1190 inclinationis
1736 1159 1819 1199 plani
1831 1158 1972 1195 BOLQ,

275 1212 346 1236 tum
368 1203 522 1244 perimetri
547 1213 610 1233 non
636 1203 691 1234 dap
1100 1222 1102 1225 -
1146 1202 1186 1233 ad
1220 1202 1349 1241 planum
1384 1201 1498 1232 circelli
1535 1201 1741 1232 evanescentIS
1775 1201 1979 1241 productum,‘

277 1254 356 1278 tum.
405 1245 490 1277 Dat&
504 1245 573 1276 area
596 1245 691 1276 trian-
881 1228 914 1274 S
1147 1244 1273 1285 aequalis
1287 1244 1344 1274 erit
1358 1244 1473 1284 angulo
1498 1244 1529 1275 G
1547 1244 1576 1275 T
1592 1244 1634 1281 N,
1659 1243 1761 1285 (484).

279 1289 349 1331 guli
367 1289 397 1320 Ο
407 1299 428 1327 p
443 1288 479 1323 P,
493 1287 615 1318 dabitur
622 1297 691 1326 per·
892 1297 920 1324 1·
1189 1291 1261 1317 486.
1289 1288 1383 1318 Corol.
1409 1290 1439 1316 2.
1465 1285 1498 1316 Si
1512 1286 1651 1317 circellus
1670 1286 1756 1316 radio
1773 1286 1802 1316 T
1815 1291 1829 1316 t
1843 1285 1974 1324 descrip-

279 1331 544 1372 pendiculumpr‚
551 1340 588 1360 ex
595 1340 691 1368 punc·
1147 1335 1198 1360 tus
1210 1327 1387 1368 projiciatur
1400 1328 1434 1358 in
1445 1328 1573 1367 planum
1596 1329 1624 1359 B
1643 1328 1673 1359 O
1689 1328 1718 1358 L
1737 1329 1776 1364 Q,
1799 1327 1883 1358 illius
1903 1333 1979 1366 pro-'

280 1379 314 1406 to
328 1385 358 1414 p,
382 1373 422 1405 ad
435 1372 582 1413 trianguli
594 1372 693 1403 basim
742 1369 776 1391 ’Π
1065 1349 1107 1392 L
1143 1371 1238 1412 jectio
1251 1370 1264 1400 l
1278 1381 1293 1400 s
1306 1380 1338 1399 m
1349 1380 1381 1407 n,
1397 1370 1454 1401 erit
1468 1369 1582 1409 ellipsis
1597 1369 1688 1411 (482)
1705 1370 1793 1410 cujus
1804 1370 1868 1400 axis
1875 1372 1975 1410 major

283 1417 387 1448 datam
400 1416 427 1446 P
441 1415 471 1446 O
486 1414 693 1445 demissumet
783 1379 930 1475 Ἥ
1148 1414 1206 1444 lm
1227 1412 1353 1452 aequah's
1379 1417 1426 1443 est
1449 1418 1481 1442 et
1504 1412 1667 1451 parallelus
1691 1411 1804 1442 circelli
1826 1410 1976 1442 diametro

281 1460 356 1490 hinc
369 1468 407 1488 ex
422 1456 532 1488 natur&
552 1457 692 1496 ellipseos
1147 1466 1167 1486 v
1184 1456 1213 1486 T
1227 1461 1248 1491 t,
1266 1465 1336 1495 quae
1357 1464 1427 1493 pars
1447 1459 1493 1484 est
1512 1464 1692 1484 evanescens
1712 1453 1819 1484 circuli
1835 1453 1867 1484 A
1884 1454 1914 1484 T
1929 1453 1974 1490 D,

282 1501 426 1532 dabitur-r
438 1500 476 1536 P,
488 1505 579 1539 atque
590 1501 629 1529 ob
637 1509 692 1530 an-
907 1483 936 1508 ῃ·
1150 1497 1216 1528 axis
1229 1496 1331 1527 minor
1346 1507 1360 1527 s
1374 1507 1396 1526 n
1410 1506 1480 1535 pars
1494 1495 1570 1526 radii
1588 1496 1618 1527 O
1636 1496 1672 1532 F,
1688 1501 1719 1526 et
1733 1496 1745 1526 l
1758 1506 1791 1525 m
1805 1495 1862 1526 erit
1875 1494 1914 1526 ad
1929 1505 1943 1525 s
1953 1505 1977 1526 n

282 1544 394 1585 gulum
414 1548 534 1573 rectum
548 1541 586 1572 ad
600 1551 626 1579 r,
647 1540 768 1571 dabitur
784 1539 812 1571 P
826 1549 856 1578 p,
871 1544 904 1569 et
917 1537 990 1568 inde
1011 1548 1109 1577 punc-
1150 1546 1188 1570 ut
1203 1540 1232 1570 T
1251 1539 1281 1569 G
1298 1538 1338 1569 ad
1354 1539 1384 1569 T
1400 1539 1442 1569 N.
1489 1536 1549 1569 Est
1571 1538 1654 1568 enim
1677 1538 1783 1569 circuli
1806 1537 1976 1577 peripheria·

281 1592 349 1616 tum
365 1596 385 1624 p
399 1585 433 1615 in
448 1583 610 1624 perimetro
624 1593 696 1614 cum
713 1582 830 1624 angulo
847 1581 877 1613 O
895 1581 923 1612 P
932 1592 967 1621 p,
984 1586 1015 1611 et
1027 1582 1108 1612 nosi-
1153 1583 1185 1612 A
1207 1582 1237 1612 T
1261 1581 1294 1611 D
1320 1579 1457 1621 adeoque
1481 1586 1512 1612 et
1535 1590 1605 1620 pars
1628 1579 1713 1610 illius
1741 1590 1759 1610 v
1784 1580 1814 1611 T
1834 1585 1857 1614 t,
1883 1579 1976 1619 plano

282 1628 366 1659 tione
379 1633 470 1658 rectae
487 1627 517 1657 Ο
533 1637 563 1666 p.
977 1661 979 1663 ι
1057 1659 1061 1661 μ
1154 1624 1183 1654 Β
1205 1624 1239 1664 ,Ρ
1265 1623 1294 1653 L
1323 1623 1353 1654 Ο
1382 1622 1547 1661 parallela3
1582 1621 1686 1658 Quare
1716 1620 1807 1663 (481)
1836 1620 1977 1652 dIametri

325 1673 396 1701 484.
416 1671 556 1701 Lemma.
578 1667 759 1707 Superficies
773 1676 866 1697 curva
879 1666 910 1697 R
922 1666 957 1697 A
973 1666 996 1696 Ἰ
1019 1666 1052 1696 Κ
1069 1666 1107 1702 L,
1151 1676 1171 1695 v
1187 1666 1216 1696 T
1229 1671 1243 1695 t
1256 1665 1402 1705 projectio
1416 1675 1449 1694 m
1464 1665 1483 1700 l,
1500 1665 1557 1695 erit
1569 1664 1652 1695 linea
1665 1663 1809 1703 parallela
1821 1669 1853 1694 et
1873 1673 1976 1703 aequap

284 1712 470 1744 describatur
483 1710 672 1742 revolutione
686 1720 787 1740 curvae
804 1710 832 1741 Β
850 1709 882 1739 A
899 1708 934 1739 Κ
955 1707 1034 1739 circei
1054 1718 1109 1739 ax-
1149 1708 1188 1738 lis
1201 1707 1260 1747 ipsi
1273 1718 1292 1738 v
1306 1713 1338 1744 t;
1358 1707 1415 1737 erit
1435 1716 1557 1747 quoque
1572 1706 1584 1737 1
1598 1717 1639 1743 m,
1661 1706 1702 1736 ad
1720 1705 1842 1736 radIum
1857 1705 1887 1736 Ο
1905 1705 1933 1736 P
1951 1704 1978 1736 F

283 1766 334 1785 em
343 1765 434 1785 suum
443 1753 632 1784 immobilem
640 1753 670 1783 O
681 1753 718 1790 C,

282 1804 314 1828 et
345 1796 467 1837 singula
501 1806 602 1826 curvae
637 1794 721 1824 illius

241 1855 245 1859 ¹
283 1845 398 1879 puncta
411 1840 450 1875 B,
465 1839 495 1868 A
507 1837 636 1868 circulos
647 1838 675 1867 B
689 1837 723 1872 Q„

286 1882 326 1918 L,
356 1881 386 1912 A
414 1881 443 1911 T
470 1881 503 1911 D
528 1879 697 1910 describent
709 1889 719 1915 ;

285 1933 357 1954 cum
372 1933 464 1953 curva
478 1923 505 1952 B
524 1923 554 1952 A
569 1921 603 1952 K
617 1930 722 1959 perve-

284 1965 331 1995 nit
353 1965 392 1995 ad
416 1965 510 1994 situm
535 1964 562 1994 F
579 1964 608 1994 T
625 1963 668 1999 K,
691 1968 723 1992 et

283 2014 435 2047 punctum
449 2007 478 2036 A
488 2005 528 2036 ad
541 2006 579 2042 T,
591 2010 723 2046 agantur

284 2055 366 2080 recta
378 2044 479 2079 GTH
489 2057 613 2078 curvam
628 2043 721 2077 FTK

285 2098 414 2131 tangens
428 2091 458 2120 in
477 2091 506 2121 T
521 2095 551 2120 et
565 2099 653 2120 axem
673 2099 721 2118 se-

285 2144 358 2165 cans
371 2133 404 2163 in
422 2133 462 2170 G,
485 2142 521 2162 ac
535 2131 614 2162 reeta
630 2142 649 2160 v
666 2131 695 2161 T
710 2137 723 2161 t

285 2175 436 2206 circulum
453 2175 483 2205 A
501 2175 530 2205 T
547 2175 579 2204 D
595 2179 724 2213 tangens

285 2219 318 2248 in
330 2218 436 2248 eodem
448 2222 564 2256 puncto
575 2216 612 2252 T,
625 2216 724 2255 sitque

290 2262 319 2291 G
338 2261 367 2291 T
384 2260 430 2296 H,
453 2260 487 2289 in
507 2259 600 2298 plano
621 2267 723 2288 curvae

291 2303 320 2334 O
334 2303 360 2333 F
371 2302 415 2338 K,
428 2307 491 2332 etv
508 2301 536 2331 T
551 2306 573 2337 t,
590 2301 622 2329 in
631 2300 723 2338 plano

287 2344 393 2376 circuli
408 2344 438 2374 A
453 2343 482 2374 T
493 2344 535 2374 D.
572 2341 724 2373 Manifes-

288 2393 356 2417 tum
372 2392 416 2416 est
430 2385 557 2425 planum
574 2383 657 2424 quod
672 2394 723 2414 su-

287 2429 443 2469 perficiem
457 2427 583 2458 curvam
599 2427 628 2457 B
647 2427 675 2456 A
695 2426 725 2457 T

292 2471 326 2502 K
343 2472 371 2501 L
385 2469 484 2511 tangit
503 2470 537 2499 in
554 2470 592 2504 T,
615 2479 725 2499 conve-

289 2514 355 2544 nire
379 2522 451 2549 cum
481 2512 574 2550 plano
601 2511 635 2540 in
663 2520 725 2550 quo

289 2561 463 2586 suntrectae
478 2554 507 2584 G
523 2554 551 2584 T
564 2554 609 2590 H,
621 2563 639 2582 v
653 2553 724 2590 Tt;

288 2604 320 2628 et
331 2597 356 2627 si
369 2596 463 2627 fuerit
477 2596 506 2626 Ο
519 2602 659 2625 centrum
669 2594 726 2624 cir-

289 2639 353 2670 culi
370 2640 397 2670 B
418 2639 443 2669 F
457 2638 536 2674 QL,
553 2643 584 2667 et
597 2637 728 2667 ducatur

289 2682 394 2712 radius
411 2681 440 2712 Ο
460 2681 485 2711 F
498 2679 636 2720 tangenti
655 2680 684 2709 G
699 2679 727 2709 T

289 2733 450 2754 occurrens
463 2723 497 2753 in
514 2723 560 2758 H,
577 2721 728 2762 angulum

294 2767 323 2796 G
343 2767 378 2796 H
393 2766 423 2797 Ο
438 2765 504 2796 fore
515 2763 664 2804 aequalem
672 2773 727 2792 an-

291 2808 367 2847 gulo
405 2805 610 2838 inclinationis
645 2804 729 2844 plani

291 2850 396 2880 circuli
413 2851 441 2881 B
461 2850 494 2886 Q
507 2849 536 2879 L
553 2849 594 2885 O,
610 2848 649 2878 ad
663 2847 728 2886 plur

293 2901 369 2921 num
376 2892 458 2932 quod
465 2890 575 2930 superfi
579 2890 656 2921 ciem
663 2899 732 2920 cur-

293 2943 363 2963 vam
383 2934 482 2973 tangit
501 2933 535 2962 in
552 2933 602 2970 T;
628 2932 732 2963 Ducto

295 2980 399 3005 autem
414 2975 519 3005 circuli
537 2974 567 3004 A
585 2975 614 3005 T
631 2975 664 3004 D
679 2972 765 3004 radio
780 2971 810 3001 T
826 2970 868 3007 N,
890 2969 956 3000 fore
969 2968 1122 3009 angulum
1162 2966 1318 3001 normalis
1341 2967 1380 2996 ob
1394 2976 1414 2996 v
1427 2971 1440 2997 t
1454 2965 1494 2996 ad
1511 2965 1540 2997 T
1555 2967 1589 2997 N
1603 2966 1893 3007 perpendicularem,
1914 2979 1984 3010 pro-

301 3018 331 3047 G
349 3017 378 3047 T
396 3017 435 3054 N,
459 3017 606 3057 aequalem
622 3015 737 3056 angulo
752 3011 958 3045 inclinationis
976 3011 1005 3041 G
1023 3010 1058 3041 H
1077 3010 1118 3041 O.
1163 3008 1295 3049 indeque
1309 3007 1374 3039 axis
1387 3008 1487 3039 minoi·
1508 3008 1647 3049 ellipscos
1668 3020 1683 3039 s
1698 3020 1718 3039 u
1740 3011 1797 3041 crit
1818 3021 1887 3050 pars
1907 3010 1985 3043 radii
