2086 3542
51 2640 54 2642 -
117 2621 221 2652 culam
238 2621 266 2651 P
281 2620 320 2651 ad
341 2619 553 2650 attractionem
574 2617 748 2658 corpusculi
762 2627 779 2648 c

117 300 263 341 LIBER
285 297 498 349 ramus]
586 295 905 340 PRINCIPIA
936 267 1427 339 MATHEMATICA.
1727 301 1810 337 389

119 403 342 454 trahentem
373 412 423 467 (Β)
453 411 596 468 augeri
629 411 671 451 in
707 412 926 462 infinitum,
958 418 1119 452 constat
1153 424 1228 464 per
1262 410 1507 452 solutionem
1540 409 1811 452 Problematis

116 482 241 524 XLI.
262 482 305 522 in
325 481 516 535 exemplo
535 480 716 522 secundo
735 495 783 522 ac
802 483 924 522 tertio
950 480 1188 522 exhibitam.
1248 479 1380 529 Idem,
1414 494 1489 534 per
1523 480 1712 535 exempla
1742 480 1811 521 illa

115 559 157 593 et
178 550 412 592 Theorema
432 549 557 591 XLI.
585 550 692 591 inter
711 564 755 591 se
775 549 934 599 collata,
967 547 1012 603 (Τ)
1032 548 1149 590 facile
1180 547 1386 604 colligitur
1419 549 1472 590 de
1502 549 1810 590 attractionibus

115 635 335 675 corporum
354 633 495 661 versus
515 619 637 661 orbes
655 633 1074 669 concavo-convexos‚
1095 619 1179 660 sive
1205 632 1380 674 corpora
1407 626 1578 660 attracta
1607 619 1811 661 collocen-
1831 663 1833 665 ,

114 699 183 732 tur
201 698 319 733 extra
338 690 476 740 orbes,
498 690 581 731 sive
600 690 708 731 intra
726 690 771 731 in
790 704 933 731 eorum
953 690 1206 731 cavitatibus.
1267 689 1350 732 Sed
1370 697 1412 732 et
1429 689 1622 732 addendo
1640 690 1706 732 vel
1738 706 1811 732 au-

93 760 284 807 ‚ferendo
303 761 367 802 his
387 760 560 816 sphaeris
592 769 633 802 et
663 761 831 802 orbibus
865 760 997 801 ubi-vis
1031 768 1148 802 extra
1180 760 1319 802 locum
1351 767 1564 803 contactus
1594 762 1810 802 materiam

115 831 339 887 quamlibet
357 830 624 881 attractivam,
645 830 697 872 εὸ
716 838 764 872 ut
781 845 956 885 corpora
983 831 1196 872 attractiva
1222 830 1398 872 induant
1423 831 1600 888 figuram
1628 832 1811 886 quamvis

116 902 377 960 assignatam,
399 902 604 944 constabit
624 902 859 957 Propositio
878 902 931 944 de
950 902 1191 957 corporibus
1209 903 1422 945 universis.
1474 902 1530 952 Q.
1551 918 1587 944 e.
1608 902 1648 943 d.

303 1057 680 1100 PROPOSITIO
710 1056 999 1100 LXXXVII.
1059 1057 1417 1100 THEOREMA
1447 1058 1612 1102 XLIV.

113 1157 159 1200 Si
176 1172 339 1211 corpora
359 1159 435 1199 duo
453 1157 528 1198 sibi
546 1158 706 1198 invicem
723 1157 883 1207 similia,
904 1163 943 1198 et
971 1172 1019 1198 ει·
1046 1157 1212 1198 materici
1242 1144 1447 1212 (equaliter
1479 1158 1692 1200 attractiva
1721 1173 1812 1200 con-
1829 1189 1836 1192 -

170 1229 332 1278 stantia,
352 1228 507 1271 seorsim
526 1228 733 1269 attrahant
750 1230 973 1282 corpuscula
992 1229 1068 1270 sibi
1086 1230 1181 1282 ipsis
1191 1230 1515 1283 proportionalia
1542 1237 1581 1271 et
1609 1232 1665 1271 ad
1690 1246 1731 1272 se
1758 1232 1813 1272 si-

169 1299 316 1340 militer
339 1299 475 1352 posita
492 1316 504 1338 :
546 1299 798 1340 attractiones
831 1299 1118 1342 acceleratrices
1148 1299 1465 1354 corpusculorumx
1476 1300 1520 1339 in
1538 1314 1702 1354 corpora
1728 1305 1812 1340 tota

170 1376 284 1410 erunt
301 1375 345 1409 ut
363 1368 617 1410 attractiones
635 1369 920 1410 acceleratrices
938 1371 1242 1422 cmpusculomm
1261 1370 1305 1410 in
1323 1383 1451 1411 eorum
1471 1371 1695 1424 particulas
1722 1372 1814 1415 totis

161 1441 490 1495 proportionales,
511 1445 550 1480 et
568 1440 612 1481 in
630 1439 723 1480 totis
742 1440 923 1481 similiter
934 1441 1098 1493 positas.

172 1548 283 1593 Nam
303 1549 336 1590 si
356 1563 532 1605 corpora
549 1549 854 1607 distinguantur
872 1551 916 1591 in
934 1551 1168 1605 particulas,
1200 1566 1293 1608 quae
1312 1553 1395 1594 sint
1412 1553 1508 1594 totis
1526 1554 1814 1609 proportiona-

113 1620 186 1671 les,
209 1627 251 1661 et
268 1619 312 1660 in
332 1619 430 1661 totis
451 1619 638 1661 similiter
666 1620 755 1661 sitae
766 1635 779 1670 3
809 1620 899 1671 erit,
936 1628 983 1661 ut
1016 1621 1204 1663 attractio
1237 1622 1281 1662 in
1314 1622 1557 1677 particulam
1590 1623 1815 1679 quamlibet

113 1690 235 1731 unius
255 1689 438 1744 corporis
460 1689 514 1730 ad
534 1690 817 1731 attractionem
836 1690 879 1730 in
898 1690 1142 1744 particulam
1162 1685 1550 1747 correspondentem
1578 1693 1621 1733 in
1642 1707 1812 1748 corpore

112 1762 256 1813 altero,
277 1762 335 1803 ita
353 1761 616 1803 attractiones
635 1762 679 1802 in
698 1761 919 1816 particulas
939 1758 1120 1818 singulas
1139 1763 1263 1817 primi
1281 1764 1465 1819 corporis
1485 1764 1539 1805 ad
1553 1765 1814 1807 attractiones

114 1836 159 1877 in
179 1834 344 1877 alterius
362 1834 584 1889 particulas
604 1833 786 1890 singulas
806 1834 1197 1888 correspondentes;
1227 1842 1270 1876 et
1283 1835 1582 1891 componendo,
1596 1836 1652 1876 ita
1666 1843 1812 1878 attrac-

114 1906 173 1948 tio
207 1906 251 1948 in
284 1912 418 1947 totum
448 1905 628 1959 primum
664 1918 814 1958 corpus
849 1904 902 1959 (Β)
933 1904 986 1945 ad
1019 1905 1300 1948 attractionem
1329 1906 1374 1948 in
1407 1914 1540 1949 totum
1574 1906 1812 1949 secundum.

118 1977 172 2027 Q.
194 1991 230 2018 e.
251 1975 292 2017 d.

159 2076 205 2117 (e)
230 2076 249 2094 ²
271 2074 389 2114 Augen·
409 2075 443 2104 in
468 2074 628 2115 infinitum
654 2078 778 2109 constat,

115 2119 172 2149 διο.
219 2118 306 2158 (521.
325 2119 398 2148 52⁷.
415 2116 506 2154 531.)

160 2160 202 2202 (f)
226 2162 243 2178 ⁶
267 2157 372 2191 facite
386 2159 533 2197 colligitur
546 2159 582 2187 de
593 2157 780 2187 attractioni-

115 2205 182 2239 δαί,
197 2202 252 2232 &c-
278 2203 351 2231 528.
369 2202 441 2231 580.
460 2203 532 2230 532.
549 2202 621 2230 5:35.
640 2201 711 2230 536.

161 2244 206 2286 (⁸)
229 2246 304 2275 539.
327 2244 344 2262 ὓ
368 2243 420 2272 Ad
442 2243 651 2272 attractionem
676 2242 711 2271 in
735 2245 780 2270 to·

116 2293 185 2318 tum
199 2287 377 2317 secundum.
420 2283 557 2322 Corpora
571 2282 684 2312 similia
697 2282 738 2318 A,
751 2292 779 2319 a,

117 2328 243 2359 seorsim
256 2327 411 2358 attrahant
424 2325 606 2364 corpuscula
623 2324 658 2358 C,
683 2334 701 2354 c
724 2324 781 2353 sibi

117 2370 191 2410 ipsis
210 2368 448 2409 proportionalia
470 2372 502 2397 et
525 2367 564 2396 ad
587 2376 619 2396 se
642 2365 781 2396 similiter

116 2412 226 2453 posita,
242 2411 364 2450 sintque
381 2410 418 2447 P,
434 2420 455 2449 p
469 2408 626 2449 particulae
647 2407 719 2438 totis
736 2408 778 2444 A,

117 2465 147 2491 a,
169 2451 410 2493 proportionales
434 2457 465 2482 et
487 2451 531 2481 in·
545 2450 619 2481 totis
641 2449 780 2480 similiter

117 2497 184 2526 sitae
213 2501 244 2525 et
268 2494 406 2525 attractio
428 2493 581 2523 decrescat
605 2492 639 2522 in
662 2491 779 2522 ratione

118 2537 277 2578 dignitatis
292 2535 513 2570 distantiarum,
529 2535 619 2575 cujus
633 2534 673 2564 sit
686 2534 779 2563 index

117 2590 160 2617 n;
182 2579 239 2610 erit
252 2577 391 2609 attractio
405 2576 578 2616 corpusculi
596 2577 622 2607 C
638 2577 671 2606 in
685 2575 779 2614 parti-

119 2663 152 2736 ἰΒ
166 2662 390 2736 ῗὶᾱωιῧῗαὲ
404 2667 442 2733 ,ἐξι
452 2662 579 2741 ἕζοξ
587 2660 641 2732 ‘X'
654 2659 697 2732 :2¹
706 2670 731 2732 ἒ
741 2663 779 2731 35,

121 2746 284 2785 particulas
303 2746 480 2776 innumeras
500 2750 537 2777 ut
560 2744 588 2775 P
602 2750 632 2774 et
647 2754 667 2783 p
685 2743 779 2774 divisa

120 2788 341 2828 intelligantur,
356 2788 421 2822 erit,
438 2785 658 2825 componendo,
670 2791 779 2816 atune-

121 2830 165 2860 tio
180 2829 353 2869 corpusculi
369 2830 395 2860 C
410 2829 443 2859 in
457 2835 558 2859 totum
569 2838 679 2867 corpus
695 2828 723 2859 A
738 2827 779 2858 ad

119 2872 331 2902 attractionem
358 2871 529 2910 corpusculi
557 2880 575 2901 c
609 2870 642 2900 in
679 2875 778 2899 totum

118 2911 776 2952 corpusa,utP><pc⁸adp><PC¹¹,

119 2955 202 2995 quod
217 2954 374 2994 particulae
388 2964 495 2984 omnes
511 2954 548 2989 P,
560 2965 580 2993 p
592 2955 653 2984 sint
663 2953 777 2993 ubique

118 2997 191 3027 totis
205 2998 319 3027 similoe
332 3003 364 3026 et
377 2996 409 3025 in
431 2996 468 3025 iis
489 2996 627 3026 similiter
649 2997 724 3032 sitae,
747 3001 778 3026 et

119 3039 272 3069 distantiae
282 3049 387 3069 earum
398 3048 416 3067 a
424 3038 610 3076 corpusculis
621 3039 657 3075 C,
669 3048 687 3067 c
697 3048 776 3067 sem-

117 3091 172 3121 per
197 3086 340 3112 maneant
365 3079 603 3120 proportionales
628 3079 778 3111 distantiis

950 3120 1048 3151 Bb3
