2086 3542
174 227 323 268 LEGEs
337 224 538 286 Morus]
604 222 925 266 PRINCIPIA
956 221 1447 268 MATHEMATICA.
1831 237 1884 274 39

173 354 277 394 pora
307 341 383 381 sibi
408 331 553 381 mutuo
579 337 735 380 directe
767 338 1051 388 occurrebant,
1086 337 1264 393 aequales
1299 353 1385 379 esse
1418 339 1663 380 mutationes
1696 347 1884 388 motuum

173 410 413 466 corporibus
431 410 475 450 in
495 416 633 464 partes
649 408 874 449 contrarias
892 407 1031 458 illatae,
1059 415 1181 462 atque
1207 407 1301 449 ideo
1335 409 1539 450 actionem
1559 417 1600 450 et
1632 410 1882 451 reactionem

173 494 332 535 semper
351 494 436 520 esse
455 479 644 535 aequales.
706 478 768 520 Ut
787 478 821 518 si
840 492 988 532 corpus
1012 477 1051 518 A
1066 477 1272 519 incidebat
1286 478 1330 519 in
1349 493 1498 534 corpus
1515 479 1553 520 B
1566 479 1775 534 quiescens
1788 494 1882 520 cum

173 565 320 593 novem
338 550 523 605 partibus
542 556 690 599 motus,
719 556 761 589 et
779 548 935 589 amissis
955 555 1110 602 septem
1124 548 1309 602 partibus
1328 549 1527 606 pergebat
1559 556 1654 604 post
1686 549 1877 590 reflexio-

172 636 268 663 nem
287 635 382 662 cum
401 620 577 670 duabus3
609 634 757 674 corpus
779 619 817 662 B
837 618 1041 660 resiliebat
1061 633 1156 659 cum
1174 619 1358 672 partibus
1377 620 1463 661 istis
1483 627 1650 674 septem.
1713 619 1758 661 Si
1789 633 1881 659 cor-

171 707 275 748 pora
293 692 458 733 obviam
476 691 606 742 ibant,
629 691 670 732 A
691 705 786 731 cum
805 689 1025 730 duodecim
1043 689 1230 743 partibus
1248 697 1289 730 et
1310 690 1347 731 B
1368 704 1462 731 cum
1482 705 1571 740 sex,
1590 698 1631 731 et
1649 690 1810 731 redibat
1838 691 1878 731 A

173 777 267 804 cum
286 761 463 811 duabus3
493 760 656 802 redibat
677 760 715 802 B
731 775 825 801 cum
845 767 952 810 octo,
974 758 1079 800 facta
1099 758 1352 800 detractione
1370 759 1550 814 partium
1570 759 1880 815 quatuordecim

172 833 375 889 utrinque.
435 833 505 874 De
523 838 640 872 motu
659 831 785 886 ipsius
806 831 846 871 A
862 829 1143 871 subducantur
1161 837 1298 884 partes
1317 829 1537 871 duodecim
1557 838 1598 871 et
1631 830 1798 871 restabit
1817 831 1880 871 ni-

172 903 248 945 hil:
296 902 576 944 subducantur
611 901 702 943 alioe
734 908 872 956 partes
911 899 1019 950 duae,
1053 907 1094 940 et
1127 900 1199 940 fiet
1231 908 1368 941 motus
1414 900 1590 941 duarum
1619 900 1798 955 partium
1837 901 1880 942 in

171 974 338 1030 plagam
357 972 629 1014 contrariam:
661 979 702 1012 et
730 971 787 1012 sic
807 970 860 1012 de
884 978 1001 1011 motu
1031 970 1215 1025 corporis
1249 971 1287 1012 B
1320 971 1500 1026 partium
1520 986 1594 1012 sex
1614 971 1880 1012 subducendo

171 1051 308 1099 partes
329 1042 654 1099 quatuordecim,
687 1041 790 1082 fient
824 1048 960 1096 partes
987 1048 1081 1082 octo
1101 1041 1145 1082 in
1173 1040 1339 1098 plagam
1357 1042 1618 1083 contrariam.
1686 1041 1813 1090 Quod
1848 1042 1881 1082 si

172 1129 347 1169 corpora
365 1113 479 1154 ibant
499 1112 552 1154 ad
565 1111 738 1154 eandem
756 1112 936 1169 plagam,
958 1111 1000 1153 'A
1019 1111 1201 1153 velocius
1221 1126 1315 1154 cum
1345 1112 1529 1166 partibus
1556 1112 1877 1168 quatuordecim,

171 1192 213 1226 et
233 1185 271 1226 Β
298 1183 452 1225 tardius
471 1174 566 1224 cum
584 1182 768 1238 partibus
789 1183 983 1239 quinque,
1020 1189 1060 1224 et
1079 1190 1172 1237 post
1202 1183 1467 1224 reflexionem
1494 1184 1693 1240 pergebat
1713 1185 1750 1225 A
1786 1198 1880 1225 cum

170 1255 352 1311 quinque
371 1254 554 1309 partibus
570 1269 581 1303 ;
611 1253 811 1310 pergebat
847 1253 884 1295 B
904 1268 999 1294 cum
1019 1253 1341 1309 quatuordecim,
1377 1253 1484 1297 facta
1503 1254 1766 1299 translatione
1785 1270 1880 1309 par-

169 1326 275 1366 tium
293 1339 442 1366 novem
457 1324 511 1365 de
531 1325 572 1366 A
587 1324 631 1364 in
653 1324 704 1366 B.
766 1323 822 1365 Et
841 1324 899 1365 sic
917 1324 962 1364 in
981 1324 1158 1380 reliquis.
1219 1326 1259 1365 A
1275 1339 1494 1382 congressu
1510 1333 1551 1366 et
1565 1326 1774 1367 collisione
1789 1340 1880 1367 cor-

169 1411 321 1452 porum
339 1410 552 1451 nunquam
564 1394 800 1436 mutabatur
819 1395 1022 1450 quantitas
1040 1406 1188 1446 motus,
1208 1410 1303 1450 quae
1323 1410 1376 1436 ex
1396 1395 1553 1436 summa
1574 1404 1761 1436 motuum
1782 1411 1880 1437 con-

171 1467 412 1522 spirantium
432 1473 473 1507 et
492 1464 721 1507 differentia
742 1466 1042 1506 contrariorum
1062 1466 1344 1523 colligebatur.
1419 1467 1529 1507 Nam
1549 1480 1730 1507 errorem
1762 1466 1880 1524 digiti

170 1537 291 1579 unius
311 1543 352 1578 et
363 1536 528 1577 alterius
547 1536 592 1576 in
611 1536 810 1576 mensuris
841 1535 1054 1577 tribuerim
1074 1535 1303 1577 difficultati
1335 1536 1560 1593 peragendi
1595 1537 1755 1594 singula
1785 1538 1879 1578 satis

169 1606 369 1650 accurate.
428 1605 608 1648 Difficile
629 1604 727 1656 erat',
750 1613 838 1647 tum
856 1606 1039 1661 pendula
1058 1607 1178 1648 simul
1198 1606 1413 1648 demittere
1432 1607 1501 1657 sic,
1524 1614 1570 1648 ut
1582 1622 1757 1662 corpora
1776 1608 1819 1648 in
1835 1623 1878 1649 se

169 1685 312 1721 mutuo
331 1676 609 1734 impingerent
627 1677 671 1717 in
690 1676 786 1718 loco
821 1676 969 1719 infimo
992 1677 1030 1718 A
1054 1678 1090 1719 B
1097 1693 1109 1728 ;
1140 1685 1229 1719 tum
1261 1677 1354 1719 loca
1373 1693 1404 1729 S,
1440 1678 1470 1718 k
1503 1686 1660 1729 notare,
1697 1678 1751 1719 ad
1786 1694 1879 1734 quae

169 1764 345 1806 corpora
363 1748 636 1790 ascendebant
654 1755 748 1802 post
766 1762 1022 1789 concursum.
1085 1748 1169 1791 Sed
1188 1757 1229 1790 et
1247 1749 1291 1790 in
1310 1749 1409 1804 ipsis
1428 1750 1668 1804 corporibus
1688 1749 1878 1804 pendulis

167 1820 379 1878 inaequalis
398 1819 578 1875 partium
597 1818 791 1870 densitas,
813 1826 854 1860 et
872 1826 1038 1862 textura
1055 1819 1143 1862 aliis
1158 1819 1212 1862 de
1223 1820 1353 1863 causis
1368 1820 1617 1876 irregularis,
1640 1833 1798 1862 errores
1813 1820 1876 1861 in-

170 1892 403 1953 ducebant}
1627 1883 1629 1885 ¹

227 1964 361 2005 Porro
379 1977 433 2004 ne
453 1963 544 2019 quis
564 1962 730 2018 objiciat
749 1964 948 2020 regulam,
971 1964 1024 2004 ad
1045 1979 1168 2020 quam
1187 1964 1446 2020 probandam
1477 1964 1690 2005 inventum
1710 1971 1773 2004 est
1794 1964 1875 2004 hoc

139 2081 142 2085 ¹
170 2033 511 2088 experimentum,
532 2047 856 2088 praesupponere
875 2048 1050 2089 corpora
1069 2035 1134 2075 vel
1165 2034 1352 2076 absolute
1379 2034 1483 2076 dura
1503 2049 1604 2084 esse,
1641 2034 1706 2074 vel
1734 2034 1878 2075 saltem

167 2102 348 2159 perfecte
367 2103 546 2153 elastica,
561 2104 799 2159 'cujusmodi
819 2104 934 2145 nulla
954 2106 1218 2160 reperiuntur
1236 2106 1280 2147 in
1296 2104 1660 2161 compositionibus
1681 2104 1879 2146 naturali-

168 2175 246 2215 bus
258 2189 270 2223 3
303 2172 353 2229 (ἅ)
375 2172 485 2213 addo
505 2173 617 2228 quod
652 2175 936 2228 experimenta
960 2176 1047 2231 jam
1067 2176 1274 2232 descripta
1305 2175 1531 2218 succedunt
1560 2175 1604 2215 in
1639 2175 1879 2230 corporibus

168 2244 362 2286 mollibus
382 2257 501 2299 aeque
521 2257 570 2283 ac
593 2243 637 2283 in
657 2243 784 2294 duris,
806 2245 1002 2286 nimirum
1022 2262 1046 2287 a
1066 2247 1301 2288 conditione
1321 2246 1500 2288 duritiei
1519 2246 1758 2301 neutiquam
1777 2259 1879 2299 pen-

170 2317 321 2358 dentia.
381 2314 493 2356 Nam
513 2315 548 2355 si
567 2315 711 2371 regula
729 2315 800 2356 illa
817 2316 861 2356 in
882 2318 1122 2372 corporibus
1148 2333 1234 2359 non
1252 2317 1432 2374 perfecte
1452 2317 1566 2358 duris
1587 2314 1786 2357 tentanda
1804 2323 1878 2364 est,

162 2426 192 2457 b:
204 2436 233 2457 x.
244 2426 431 2463 Quaerantur
445 2423 614 2454 successive
628 2424 849 2455 retardationes
863 2425 1002 2461 secundi,

169 2469 262 2506 tertii,
279 2467 416 2508 quartive
427 2476 517 2496 arcus
531 2465 639 2496 eadem
651 2466 786 2505 ratione;
802 2478 891 2498 arcus
901 2476 1006 2499 autem

171 2510 326 2542 secundus
333 2515 380 2540 est
385 2508 616 2549 aequalisprimo
624 2509 697 2544 ΒΑ,
709 2508 834 2549 dempta
840 2510 1006 2554 ejusretar-

172 2553 296 2584 datione
303 2553 338 2583 b:
351 2562 380 2582 x.
390 2550 515 2581 Tertius
525 2561 614 2581 arcus
619 2551 744 2591 aequalis
755 2551 890 2583 secundo
899 2552 1006 2592 demp-

172 2595 206 2626 ta
219 2596 287 2636 ejus
299 2593 514 2630 retardatione,
536 2600 566 2623 et
586 2593 629 2623 sic
644 2593 799 2634 deinceps,
813 2605 921 2625 omnes
935 2594 1007 2625 vero

173 2637 236 2668 illae
249 2635 468 2667 retardationes
482 2635 576 2665 simul
592 2642 723 2675 sumptae
732 2638 938 2677 aequabuntur
951 2637 1009 2668 toti

172 2678 369 2711 retardationi
382 2678 413 2708 R.
426 2678 459 2707 V
467 2687 522 2708 seu
535 2681 552 2707 4
562 2679 584 2708 b
595 2690 604 2715 ;
616 2678 700 2708 unde
711 2678 744 2709 fit
754 2679 888 2719 aequatio
895 2690 934 2710 ex
943 2679 1006 2720 qua

173 2722 258 2753 valor
272 2731 362 2752 arcus
387 2721 408 2751 S
426 2720 466 2757 A,
483 2730 537 2750 seu
548 2731 575 2755 ω,
590 2719 785 2756 obtinebitur,
797 2731 852 2760 per
862 2722 1006 2790 ³¹?me

816 2779 829 2806 l
854 2766 876 2791 5

162 2785 342 2816 rmationem
363 2789 468 2814 autem
483 2783 657 2813 invenietur
671 2784 798 2824 aequalis
873 2820 894 2844 2

938 2811 947 2826 ,
954 2799 1006 2819 su-

174 2860 278 2886 matur
288 2855 392 2894 itaque
409 2854 442 2885 R
459 2854 481 2884 S
496 2852 622 2894 aequalis
631 2859 747 2893 quartae
762 2851 841 2892 parti
853 2861 926 2882 cum
939 2835 1014 2892 eju}

175 2897 299 2927 semisse
321 2896 417 2927 totius
437 2893 699 2927 retardationisR
714 2896 753 2931 V,
777 2894 941 2925 retardatio
954 2904 1009 2934 per

175 2948 284 2969 arcum
300 2938 322 2968 S
340 2939 370 2968 A
393 2938 450 2969 erit
464 2938 591 2978 aequalis
607 2938 630 2968 S
646 2938 675 2968 T
689 2943 807 2978 quartae
820 2936 900 2975 parti
913 2937 1010 2967 totius

175 2979 387 3012 retardationis
399 2981 430 3011 R
440 2981 481 3018 V,
492 2979 625 3021 ideoque
634 2979 724 3011 cadat
734 2989 847 3019 corpus
858 2989 895 3008 ex
906 2988 1008 3017 punc-

174 3029 209 3054 to
226 3024 256 3057 S,
273 3022 340 3062 ejus
364 3022 502 3053 celeritas
518 3023 560 3060 *in
584 3023 616 3053 A
638 3022 747 3053 eadem
766 3027 814 3052 est
827 3021 893 3051 sine
907 3030 1009 3051 errore

176 3064 321 3100 sensibili,
337 3074 373 3094 ac
387 3063 413 3094 si
426 3064 461 3094 in
474 3074 573 3095 vacuo
587 3064 750 3095 decidisset
764 3073 802 3094 ex
819 3064 858 3094 T.

1048 2433 1202 2457 correctus
1211 2426 1250 2457 ad
1265 2436 1360 2466 quem
1375 2434 1486 2464 corpus
1504 2423 1544 2459 A,
1563 2421 1684 2454 sublata
1700 2422 1778 2453 a'eris
1794 2423 1881 2453 resis-

1048 2469 1144 2499 tentia
1160 2468 1323 2499 ascendere
1335 2467 1511 2503 debuisset3
1527 2475 1601 2495 nam
1615 2475 1728 2504 corpus
1744 2465 1785 2500 A,
1802 2475 1841 2495 ex
1857 2473 1880 2504 t,

1048 2511 1082 2541 in
1097 2511 1200 2541 medio
1226 2521 1291 2541 non
1305 2510 1464 2540 resistente
1478 2506 1677 2545 descendens,
1700 2507 1734 2536 in
1763 2513 1879 2546 puncto

1049 2553 1158 2583 intimo
1175 2553 1216 2589 A,
1243 2562 1312 2583 eam
1332 2553 1458 2582 haberet
1482 2549 1674 2581 velocitatem
1695 2548 1758 2590 qua
1779 2556 1881 2588 posset

1050 2606 1159 2626 arcum
1176 2596 1206 2626 A
1223 2600 1242 2630 t„
1266 2593 1459 2625 ascendendo
1480 2591 1651 2623 describere
1674 2590 1756 2634 (91),
1773 2597 1804 2622 et
1818 2592 1879 2632 quei

1051 2640 1091 2669 ob
1105 2638 1183 2668 a'e'ris
1196 2637 1409 2672 resistentiam,
1435 2634 1558 2666 nonnisi
1572 2643 1679 2664 arcum
1706 2634 1736 2663 A
1752 2643 1775 2670 s,
1806 2633 1879 2676 (94)

1049 2686 1249 2720 percurreret,
1261 2678 1336 2720 ergo
1346 2689 1420 2718 curn
1429 2683 1499 2717 post
1513 2676 1712 2706 reflexionem
1736 2676 1879 2707 ascendat

1049 2723 1090 2754 ad
1104 2734 1128 2759 s,
1145 2733 1214 2753 eam
1228 2723 1321 2752 habet
1334 2721 1368 2751 in
1387 2721 1417 2752 A
1429 2719 1630 2754 velocitatem,
1647 2717 1709 2759 qua
1723 2718 1756 2748 in
1777 2718 1881 2750 medio

1048 2775 1114 2796 non
1127 2765 1286 2796 resistente
1299 2764 1340 2794 ad
1353 2768 1506 2802 punctum
1517 2767 1534 2791 ί.
1547 2760 1732 2794 ascenderet.

1094 2807 1140 2850 (d)
1165 2812 1215 2839 96.
1242 2806 1466 2845 Experimenta
1475 2798 1542 2845 j'am
1551 2802 1701 2842 descripta
1711 2803 1883 2835 succedunt

1049 2850 1084 2880 in
1098 2849 1276 2889 corporibus
1298 2847 1445 2878 mollibus
1459 2852 1490 2876 et
1504 2855 1568 2875 non
1582 2845 1713 2876 elasticis
1738 2845 1826 2886 aeque
1845 2857 1882 2876 ac

1050 2892 1085 2922 in
1099 2892 1186 2922 duris
1199 2898 1231 2922 et
1245 2890 1384 2925 elasticis‚
1402 2896 1438 2919 ut
1451 2887 1522 2927 pote
1534 2898 1552 2918 a
1566 2887 1742 2918 conditione
1757 2887 1883 2919 duritiei

1053 2940 1083 2964 et
1099 2933 1295 2967 elasticitatis,
1313 2932 1367 2962 sed
1381 2937 1504 2962 tantum
1514 2930 1553 2962 ab
1567 2930 1697 2960 actionis
1712 2936 1743 2961 et
1753 2931 1881 2961 reactio-

1049 2976 1099 3006 nis
1114 2976 1289 3017 aequalitate
1303 2981 1335 3004 et
1348 2972 1540 3012 oppositione
1552 2972 1719 3012 pendentia
1724 2984 1734 3010 ;
1767 2983 1841 3002 nam
1856 2973 1881 3002 si

1050 3018 1160 3059 regula
1181 3017 1235 3048 iua
1248 3018 1282 3047 in
1307 3015 1485 3055 corporibus
1512 3024 1576 3045 non
1590 3013 1724 3054 perfecte
1753 3014 1884 3045 clasticis

1054 3059 1202 3091 tentanda
1215 3065 1268 3094 est,
1277 3059 1321 3088 'ut
1332 3068 1370 3088 ex
1381 3058 1519 3097 ipsorum
1529 3057 1664 3087 motibus
1674 3055 1747 3089 ante
1758 3056 1884 3090 conflic-⁴

221 3107 266 3147 (⁰)
290 3109 339 3138 95.
365 3112 387 3142 t,
413 3106 481 3148 (fig.
511 3105 644 3146 Newe.)‚
668 3106 726 3137 erit
752 3106 841 3137 locus
863 3115 953 3135 verus
981 3109 1013 3134 et
1055 3109 1125 3132 tum
1139 3102 1336 3133 inveniantur
1350 3106 1454 3131 motus
1466 3105 1536 3140 post
1559 3099 1745 3137 conflictum,
1762 3098 1887 3130 debebit

1002 3157 1028 3188 C
1046 3161 1066 3188 4
