2158 3562
871 252 1220 303 PRAEFATIO.
1823 263 1897 304 xxi

181 373 404 427 diluendae,
435 389 530 433 quae
542 383 585 418 et
602 376 694 432 ipsa
706 374 1015 432 philosophiam
1035 377 1197 418 subruit
1210 364 1456 428 universam,
1478 377 1549 418 vix
1559 388 1701 433 operae
1718 380 1899 434 pretinm

179 455 244 491 est
273 448 499 490 immorari.
561 447 642 490 Vel
673 448 785 489 enim
818 447 1064 505 gravitatem
1097 448 1341 503 corporibus
1377 449 1569 490 omnibus
1604 448 1777 490 inditam
1808 465 1899 493 esse

178 521 418 579 negabunt:
447 521 564 579 quod
588 530 727 564 tamen
750 520 831 562 dici
865 535 950 561 non
976 529 1137 576 potest:
1170 522 1236 563 vel
1260 537 1310 563 eo
1336 523 1506 564 nomine
1531 531 1686 578 praeter
1708 532 1899 566 naturam

177 607 269 636 esse
288 593 566 644 affirmabunt,
598 593 711 650 quod
726 607 780 634 ex
799 592 889 634 aliis
910 607 1133 648 corporum
1164 593 1449 635 affectionibus
1469 603 1593 651 atque
1612 594 1709 636 ideo
1728 610 1783 636 ex
1802 610 1899 637 cau-

178 666 234 708 sis
252 668 502 709 mechanicis
532 666 739 724 originem
770 681 857 707 non
878 665 1042 708 habeat.
1101 664 1271 709 Dantur
1296 667 1409 709 certe
1434 669 1645 724 primariae
1675 684 1899 725 corporum

174 736 440 789 affectiones3
472 751 566 795 quae
587 740 784 796 quoniam
804 748 901 781 sunt
919 739 1140 795 primariae,
1171 755 1258 781 non
1277 740 1463 796 pendent
1482 740 1535 782 ab
1551 741 1653 782 aliis.
1704 741 1899 783 Viderint

175 811 306 870 igitur
332 826 472 854 annon
504 821 546 854 et
574 812 642 854 hae
681 826 826 854 omnes
859 808 941 854 sint
970 813 1127 867 pariter
1157 822 1312 868 praeter
1342 822 1546 864 naturam,
1581 829 1714 870 eoque
1743 814 1899 869 pariter

174 884 435 940 rejiciendae:
467 885 647 927 viderint
666 884 766 927 vero
781 884 914 941 qualis
935 885 988 926 sit
1007 884 1160 926 deinde
1179 884 1320 927 futura
1337 884 1617 941 philosophia.

234 957 441 1000 Nonnulli
465 966 562 1000 sunt
588 958 736 1014 quibus
758 957 851 999 haec
881 966 971 1000 tota
989 958 1162 1015 physica
1175 959 1352 1001 coelestis
1373 960 1439 1002 vel
1466 958 1562 1002 ideo
1587 959 1726 1002 mimis
1743 960 1895 1016 placet,

176 1028 291 1086 qubd
315 1041 411 1071 cum
437 1029 615 1072 Cartesii
642 1030 907 1087 dogmatibus
930 1045 1121 1087 pugnare
1146 1038 1189 1072 et
1214 1031 1286 1071 vix
1310 1031 1523 1072 conciliari
1546 1047 1670 1088 posse
1694 1032 1895 1074 videatur.

174 1096 260 1143 His
286 1098 359 1142 sua
385 1101 527 1143 licebit
551 1102 746 1156 opinione
769 1101 851 1142 frui
863 1116 874 1152 3
906 1116 960 1143 ex
984 1117 1107 1159 aequo
1134 1110 1274 1144 autem
1299 1110 1427 1159 agant
1451 1111 1617 1158 oportet
1637 1120 1647 1144 :
1678 1118 1765 1145 non
1795 1118 1896 1160 ergo

173 1168 444 1232 denegabunt
471 1174 560 1216 aliis
577 1174 752 1216 eandem
778 1174 1013 1216 libertatem
1034 1189 1159 1231 quam
1186 1175 1263 1216 sibi
1291 1175 1464 1216 concedi
1483 1175 1710 1230 postulant.
1773 1175 1896 1217 New-

173 1245 386 1287 tonianam
425 1245 564 1302 itaque
605 1245 929 1301 philosophiam,
961 1260 1056 1302 quae
1087 1247 1209 1287 nobis
1240 1247 1377 1287 verior
1410 1247 1602 1298 habetur,
1643 1248 1823 1289 retinere
1855 1255 1897 1289 et

170 1315 367 1372 amplecti
407 1311 560 1367 licebit,
593 1325 635 1358 et
666 1332 810 1358 causas
841 1317 958 1373 sequi
996 1332 1074 1372 per
1106 1311 1383 1372 phaenomena
1420 1319 1724 1373 comprobatas,
1755 1318 1895 1375 potitis

170 1400 298 1446 quam
318 1389 436 1431 fictas
464 1398 507 1431 et
529 1390 718 1433 nondum
743 1390 1047 1445 comprobatas.
1072 1390 1079 1397 ’
1109 1390 1181 1431 Ad
1201 1404 1340 1431 veram
1370 1389 1680 1445 philosophiam
1698 1392 1893 1446 pertinet,

171 1473 313 1504 rerum
340 1472 509 1505 naturas
530 1479 584 1505 ex
604 1465 739 1505 causis
760 1463 857 1505 vere
878 1463 1152 1505 existentibus
1173 1462 1362 1504 derivare
1380 1478 1390 1502 :
1423 1477 1492 1503 eas
1525 1461 1625 1503 vero
1645 1462 1759 1520 leges
1781 1478 1895 1520 quae-

170 1544 276 1584 rere,
309 1535 459 1590 quibus
480 1535 611 1576 voluit
637 1548 822 1576 summus
854 1534 996 1589 opifex
1027 1533 1142 1575 hunc
1167 1534 1314 1575 mundi
1337 1533 1668 1589 pulcherrimum
1703 1536 1895 1578 ordinem

168 1604 353 1646 stabilire
364 1620 376 1655 3
407 1619 493 1646 non
514 1621 582 1647 eas
604 1604 754 1661 quibus
774 1605 924 1660 potuit,
957 1605 990 1646 si
1015 1605 1073 1646 ita
1092 1605 1227 1647 visum
1246 1605 1403 1647 fuisset.
1468 1606 1639 1647 Rationi
1659 1607 1771 1648 enim
1791 1622 1895 1650 con-

169 1691 319 1718 sonum
339 1686 414 1728 est,
447 1686 494 1719 ut
513 1693 539 1719 a
556 1677 747 1733 pluribus
764 1677 912 1728 causis,
938 1678 992 1719 ab
1014 1677 1193 1719 invicem
1213 1678 1404 1719 nonnihil
1425 1678 1611 1729 diversis,
1634 1679 1746 1721 idem
1764 1682 1896 1736 possit

169 1744 341 1791 effectus
373 1750 608 1805 proficisci:
640 1749 733 1791 haec
768 1758 906 1792 autem
934 1765 1033 1792 vera
1060 1751 1138 1793 erit
1163 1767 1300 1803 causa,
1333 1767 1386 1794 ex
1413 1763 1497 1809 qua
1520 1752 1617 1794 vere
1642 1762 1766 1810 atque
1799 1763 1895 1796 actu

167 1821 471 1878 proficiscitur3
502 1824 675 1880 reliquae
695 1823 833 1865 locum
864 1838 951 1865 non
973 1824 1132 1867 habent
1160 1825 1204 1866 in
1230 1825 1496 1881 philosophia
1524 1826 1634 1869 vera.
1696 1828 1748 1870 In
1767 1827 1894 1870 horo-

166 1888 291 1951 logiis
327 1895 548 1936 automatis
572 1893 685 1936 idem
710 1894 859 1936 indicis
887 1895 1045 1936 horarii
1068 1905 1206 1938 motus
1226 1896 1292 1938 vel
1320 1897 1373 1939 ab
1400 1912 1587 1953 appenso
1610 1899 1797 1954 pondere
1827 1898 1894 1941 vel

167 1965 221 2007 ab
241 1965 352 2008 intus
374 1966 572 2007 concluso
592 1966 745 2008 elatere
773 1965 874 2007 oriri
893 1975 1045 2022 potest.
1108 1967 1238 2017 Quod
1259 1967 1294 2009 si
1328 1968 1515 2010 oblatum
1535 1968 1800 2026 horologium
1827 1985 1893 2012 re-

167 2035 267 2079 veni
285 2038 338 2079 sit
355 2037 607 2080 instructum
631 2038 845 2094 pondere3
877 2037 1081 2080 ridebitur
1115 2039 1187 2095 qui
1207 2039 1339 2097 finget
1373 2040 1583 2091 elaterem,
1615 2049 1657 2082 et
1680 2055 1734 2082 ex
1758 2041 1892 2097 hypo-

127 2112 131 2117 ’
167 2108 276 2151 thesi
296 2110 355 2150 sic
374 2110 644 2166 praepropere
665 2109 841 2152 conficta
862 2118 1024 2151 motum
1045 2110 1194 2152 indicis
1223 2111 1432 2166 explicare
1453 2112 1674 2166 suscipiet:
1707 2114 1892 2167 oportuit

167 2181 279 2224 enim
297 2182 505 2223 internam
524 2183 728 2224 machinae
748 2182 947 2225 fabricam
966 2183 1147 2239 penitius
1173 2185 1439 2239 perscrutari,
1470 2194 1519 2227 ut
1544 2186 1601 2226 ita
1634 2186 1772 2227 motus
1791 2201 1891 2241 pro-

165 2252 292 2308 positi
310 2250 564 2308 principium
594 2266 740 2295 verum
760 2253 1023 2309 exploratum
1044 2255 1200 2298 habere
1219 2265 1373 2311 posset.
1436 2257 1556 2299 Idem
1583 2257 1649 2299 vel
1675 2272 1761 2299 non
1781 2259 1890 2299 absi·

166 2325 265 2366 mile
285 2324 442 2367 feretur
461 2325 668 2380 judicium
698 2326 751 2368 de
770 2326 1031 2383 philosophis
1051 2328 1146 2380 illis,
1178 2330 1251 2385 qui
1277 2322 1450 2372 materia
1471 2330 1650 2387 quadam
1672 2331 1890 2373 subtilissi-

166 2396 235 2439 ηιξ
256 2396 383 2439 coelos
404 2412 495 2439 esse
515 2398 709 2453 repletos,
739 2398 849 2441 hanc
869 2402 1064 2443 autemin
1079 2403 1255 2444 vortices
1275 2404 1558 2446 indesinenter
1571 2405 1639 2460 agi
1654 2404 1887 2446 voluerunt.

169 2469 281 2511 Nam
301 2485 327 2510 a
344 2468 631 2524 phaenomenis
651 2471 718 2513 vel
738 2472 1044 2514 accuratissime
1065 2472 1299 2515 satisfacere
1323 2482 1495 2529 possent
1515 2489 1568 2516 ex
1587 2474 1888 2531 hypothesibus

168 2539 279 2590 suis3
309 2553 450 2582 veram
469 2550 608 2583 tamen
626 2541 935 2599 philosophiam
956 2544 1188 2596 tradidisse,
1220 2554 1263 2587 et
1281 2561 1399 2588 veras
1420 2561 1564 2588 causas
1593 2555 1784 2589 motuum
1802 2563 1888 2590 coe-

167 2613 335 2655 lestium
354 2613 561 2656 invenisse
580 2615 769 2657 nondum
792 2616 959 2658 dicendi
989 2625 1112 2668 sunt3
1142 2618 1223 2659 nisi
1252 2618 1318 2660 vel
1337 2618 1412 2660 has
1434 2606 1787 2671 revma‘existere,
1820 2620 1886 2662 vel

168 2686 315 2729 'saltem
330 2687 430 2729 alias
446 2703 532 2729 non
552 2689 729 2731 existere
749 2679 1136 2733 demonstraverint.
1197 2691 1333 2749 Igitur
1353 2692 1388 2733 si
1407 2700 1620 2734 ostensum
1639 2691 1775 2744 fuerit,
1791 2693 1885 2735 uni-

168 2769 383 2800 versorum
409 2774 633 2815 corporum
654 2762 942 2803 attractionem
968 2761 1124 2804 habere
1143 2777 1288 2804 verum
1308 2748 1447 2805 lociim
1478 2763 1521 2803 in
1541 2777 1680 2805 rerum
1709 2763 1858 2806 naturai
1870 2781 1883 2814 3

168 2832 395 2889 quinetiam
416 2841 626 2875 ostensum
646 2833 782 2886 fuerit,
815 2835 897 2892 quii
924 2836 1083 2878 ratione
1106 2845 1245 2878 motus
1265 2852 1410 2879 omnes
1437 2837 1625 2880 coelestes
1645 2838 1796 2881 abinde
1816 2854 1884 2880 so-

167 2902 368 2946 lutionem
411 2904 635 2961 recipiant;
666 2921 774 2947 vana
801 2903 926 2948 fuerit
959 2915 1002 2949 et
1033 2907 1184 2950 merito
1216 2908 1445 2950 deridenda
1476 2909 1667 2965 objectio,
1713 2910 1749 2951 si
1789 2912 1881 2967 quis

170 2973 322 3017 dixerit
340 2975 509 3018 eosdem
528 2984 666 3045 motus
686 2978 958 3032 per,vortices
979 2979 1177 3034 explicari
1196 2980 1365 3030 debere,
1397 2980 1558 3024 etiamsi
1583 2981 1626 3023 id
1648 2981 1739 3026 fieri
1757 2997 1882 3039 posse

1015 3053 1036 3082 b
1057 3055 1078 3081 5
