2086 3542
241 262 327 300 136·
657 248 1102 297 PHILOSOPHIAE
1127 247 1490 299 NATURALIS
1577 246 1723 299 [Mor.
1743 247 1935 294 conmu-

554 500 934 546 PROPOSITIO
976 499 1149 542 XVIII.
1181 494 1524 539 PROBLEMA
1553 494 1614 536 X.

237 631 361 673 Datis
379 630 557 671 umbilieo
584 635 621 669 et
639 628 776 668 axibus
796 624 1084 679 principalibus
1112 620 1322 663 describere
1333 619 1576 676 trajectorz‘as
1603 620 1792 674 ellipticas
1803 624 1841 659 et
1860 620 1930 673 hy-

194 741 197 745 ,
286 702 519 755 per-bolicas,
541 713 628 754 quae
646 696 866 739 transibunt
876 707 955 748 per
968 698 1115 747 puncta
1136 693 1246 741 data,
1275 696 1313 731 et
1345 694 1471 730 rectas
1483 689 1680 742 positione
1699 690 1813 729 datas
1841 701 1931 729 con-

293 772 461 826 cingent.

298 900 360 943 Sit
382 899 411 941 S
432 893 657 939 communis
677 890 892 934 umbilicus
923 887 1174 944 figurarum,
1204 884 1246 926 A
1267 883 1305 925 B
1333 879 1549 938 longitudo
1577 880 1665 923 axis
1692 878 1932 936 principalis

238 969 481 1026 trajectoriae
510 965 711 1022 cujusvis;
743 962 779 1004 P
797 966 997 1016 punctum
1014 969 1091 1012 per
1110 953 1222 1011 quod
1250 952 1489 1009 trajectoria
1507 950 1631 994 debet
1657 951 1830 993 transire
1842 965 1854 1000 ;
1888 955 1932 990 et

231 1041 273 1082 T
304 1042 345 1082 R
364 1047 475 1080 recta
493 1050 617 1092 quam
636 1033 759 1075 debet
788 1039 969 1087 tangere.
1013 1033 1066 1076 A„
1671 1027 1673 1029 ’

234 1111 390 1152 Centro
413 1109 449 1150 P
468 1104 685 1148 intervallo
708 1103 750 1144 A
770 1101 897 1143 B-S
918 1101 969 1152 P,

233 1179 267 1219 si
297 1178 430 1219 orbita
450 1176 502 1217 sit
521 1172 685 1228 ellipsis,
706 1169 771 1211 vel
792 1170 833 1210 A
855 1169 893 1210 B
920 1175 963 1218 -ξ-

235 1249 264 1290 S
282 1248 332 1298 P,
354 1247 389 1289 si
408 1261 455 1288 ea
476 1245 528 1286 sit
545 1239 784 1299 hyperbola,
816 1238 970 1280 descri-

1851 1237 1863 1259 ι

230 1317 353 1357 batur
388 1313 563 1355 circulus
604 1309 651 1351 H
674 1308 732 1351 G.
789 1307 859 1347 Ad
878 1318 969 1347 tan·
1086 1318 1394 1481 NS
1742 1238 1905 1481 GHEI!

233 1398 399 1447 gentem
419 1387 460 1429 T
484 1387 524 1428 R
545 1384 780 1426 demittatur
791 1395 969 1436 perpen-

233 1459 416 1500 diculum
466 1457 497 1500 S
535 1456 589 1506 T,
626 1462 667 1495 et
717 1452 969 1508 producatur
1763 1414 1874 1502 GE

234 1525 345 1566 idem
364 1523 417 1565 ad
437 1522 489 1572 V,
512 1529 559 1563 ut
573 1520 626 1562 sit
644 1519 685 1561 T
716 1519 756 1559 V
788 1517 955 1574 aequalis

235 1596 266 1638 S
287 1595 354 1645 T;
387 1603 610 1651 centroque
643 1596 684 1638 V
715 1609 756 1638 et
786 1594 1002 1638 intervallo
1023 1595 1063 1636 A
1087 1594 1124 1636 B
1157 1594 1412 1636 describatur
1445 1595 1624 1637 circulus
1657 1595 1694 1638 F
1715 1595 1779 1638 H.
1838 1594 1938 1638 Hac

232 1667 431 1709 methodo
451 1668 537 1709 sive
556 1667 706 1709 dentur
725 1668 812 1710 duo
832 1675 987 1722 puncta
1007 1667 1057 1718 P,
1079 1681 1121 1722 p,
1154 1667 1238 1709 sive
1259 1667 1354 1709 duoe
1374 1675 1588 1724 tangentes
1609 1668 1651 1710 T
1672 1669 1726 1720 R,
1748 1675 1766 1710 t
1784 1682 1819 1719 r,
1851 1668 1936 1711 sive

231 1747 433 1794 punctum
454 1739 490 1781 P
510 1746 552 1780 et
570 1747 743 1796 tangens
765 1739 807 1781 T
829 1740 882 1790 R,
905 1738 1165 1780 describendi
1185 1746 1280 1780 sunt
1299 1738 1441 1779 circuli
1462 1739 1558 1780 duo.
1619 1739 1681 1781 Sit
1713 1739 1762 1781 H
1791 1753 1934 1781 eorum

232 1811 467 1853 intersectio
487 1811 729 1861 communis,
761 1818 802 1852 et
821 1809 1025 1851 umbilicis
1048 1809 1090 1860 S,
1115 1809 1177 1860 H,
1208 1824 1287 1851 axe
1306 1809 1378 1850 illo
1397 1810 1495 1852 dato
1515 1810 1770 1852 describatur
1789 1811 1936 1866 trajec-

232 1882 350 1924 toria.
411 1878 523 1924 Dico
541 1882 707 1923 factum.
767 1881 878 1926 Nam
897 1880 1128 1936 trajectoria
1148 1880 1353 1936 descripta
1375 1883 1442 1938 (reo
1462 1880 1574 1936 quod
1595 1881 1631 1921 P
1648 1881 1697 1927 H
1719 1887 1761 1931 -Ι-
1783 1882 1813 1924 S
1835 1881 1871 1927 P
1890 1878 1941 1925 in‘

233 1952 380 2008 ellipsi,
404 1960 445 1994 et
462 1953 498 1994 P
514 1953 563 1994 H
578 1977 635 1985 —
649 1953 679 1994 S
698 1953 733 1994 P
748 1952 793 1994 in
805 1952 1034 2008 hyperbola
1049 1959 1235 2007 aequatur
1255 1951 1339 2004 axi)
1362 1951 1553 1995 transibit
1570 1966 1647 2006 per
1665 1959 1866 2007 punctum
1882 1952 1933 2004 P,

233 2031 276 2066 et
296 2026 388 2078 (per
409 2023 584 2064 Lemma
603 2023 808 2078 superius)
839 2031 981 2079 tanget
1010 2030 1164 2064 rectam
1185 2022 1227 2063 T
1249 2023 1302 2063 R.
1363 2022 1419 2064 Et
1438 2021 1586 2067 eodem
1605 2029 1856 2079 argumento
1868 2003 1935 2070 vei

1070 1140 1251 1279 YT

232 2094 423 2137 transibit
442 2094 586 2136 eadem
604 2109 681 2150 per
699 2096 854 2150 puncta
873 2094 957 2138 duo
988 2094 1038 2145 P,
1059 2108 1101 2151 p,
1137 2093 1203 2136 vel
1236 2101 1379 2152 tanget
1411 2102 1545 2138 rectas
1578 2095 1694 2140 duas.
1711 2095 1754 2138 T
1775 2096 1830 2147 R,
1860 2102 1879 2139 t
1896 2109 1932 2140 r.

143 2223 146 2232 ⁸
235 2167 470 2222 &Qafi

528 2341 901 2385 PROPOSITIO
932 2342 1062 2384 XIX.
1150 2342 1492 2386 PROBLEMA
1522 2341 1606 2385 XI.

228 2451 344 2491 Circa
366 2450 496 2491 datum
517 2451 731 2491 umbilicum
751 2450 1013 2505 trajectoriam
1017 2451 1288 2505 parabolicam
1309 2450 1532 2499 describere,
1549 2461 1635 2503 quoe
1648 2445 1835 2493 transibit
1845 2460 1924 2501 per

553 2527 704 2574 puncta
724 2523 833 2571 data,
850 2528 887 2562 et
901 2527 1025 2562 rectas
1035 2522 1232 2575 positione
1252 2522 1368 2562 datas
1377 2519 1583 2573 continget.

282 2632 344 2674 Sit
366 2631 403 2673 Sx
414 2631 643 2681 umbilicus,
666 2629 703 2671 P
735 2637 933 2685 punctum
954 2638 993 2671 et
1014 2630 1055 2671 T
1075 2630 1115 2671 R
1149 2636 1322 2686 tangens
1348 2626 1592 2683 trajectoriae
1629 2624 1923 2670 describendae.

226 2701 379 2742 Centro
401 2701 436 2742 P
455 2700 668 2741 intervallo
690 2699 726 2741 P
743 2700 772 2741 S
792 2699 975 2741 describe
995 2698 1192 2740 circulum
1213 2698 1249 2739 F
1266 2698 1320 2740 G.
1381 2697 1450 2739 Ab
1469 2696 1664 2738 umbilico
1683 2694 1923 2751 adtangen-

223 2778 304 2810 tem
324 2771 490 2814 demitte
508 2770 888 2826 perpendicularem
909 2769 938 2810 S
955 2769 1007 2819 T,
1022 2776 1063 2809 et
1080 2768 1238 2822 produc
1257 2782 1348 2810 eam
1368 2767 1422 2809 ad
1435 2767 1489 2817 V,
1512 2773 1559 2807 ut
1570 2765 1622 2807 sit
1642 2765 1684 2806 T
1695 2765 1736 2806 V
1754 2764 1924 2821 aequalis

224 2839 254 2880 S
275 2839 326 2881 T.
387 2841 546 2882 Eodem
565 2839 690 2882 modo
709 2838 999 2882 describendus
1020 2846 1082 2879 est
1101 2837 1202 2880 alter
1236 2838 1411 2879 circulus
1425 2837 1450 2877 f
1452 2851 1493 2893 g,
1529 2836 1562 2876 si
1593 2835 1714 2879 datur
1748 2835 1921 2878 alterum

224 2916 420 2963 punctum
445 2926 474 2966 p
486 2927 498 2961 3
527 2911 592 2954 vel
623 2909 909 2952 inveniendum
932 2908 1105 2950 alterum
1132 2916 1332 2967 punctum
1351 2922 1388 2958 v,
1410 2906 1444 2947 si
1463 2905 1584 2947 datur
1603 2905 1729 2949 altera
1748 2913 1920 2964 tangens

269 3050 287 3069 ⁰
333 3048 371 3088 (ι
380 3048 393 3089 )
417 3048 449 3080 Si
464 3050 560 3080 orbita
574 3050 612 3081 sit
638 3050 828 3091 Hypabola,
842 3050 930 3082 focus
946 3049 994 3088 H,
1036 3049 1092 3080 erit
1106 3048 1138 3081 in
1151 3046 1234 3080 rect&
1251 3045 1286 3078 H
1299 3047 1330 3086 S,
1346 3046 1427 3078 ultra
1440 3047 1470 3082 S,
1487 3045 1645 3087 producta.
