2158 3562
761 700 1160 751 AUCTORIS
1187 697 1614 750 PRAEFATIO

1177 859 1212 879 IN

647 979 1218 1044 EDITIONEM
1269 975 1740 1042 TERTIAM.

1093 1151 1279 1166 “m

345 1244 415 1305 IN
447 1264 627 1306 editione
655 1265 783 1307 hacce
809 1264 943 1316 tertia,
978 1279 1103 1321 quam
1125 1265 1338 1308 Henricus
1362 1265 1629 1316 Pemberton‚
1654 1266 1719 1310 M.
1736 1267 1795 1310 D.
1817 1268 1882 1310 vir
1899 1267 2050 1310 harum

340 1351 478 1378 rerum
492 1337 762 1392 peritissimus
779 1338 948 1388 curavit,
971 1337 1171 1379 nonnulla
1186 1338 1231 1378 in
1248 1337 1379 1380 Libro
1395 1339 1578 1381 secundo
1594 1339 1647 1381 de
1667 1341 1900 1385 resistentia
1920 1340 2051 1383 medi-

341 1424 460 1450 orum
479 1409 606 1465 paulo
626 1409 755 1452 fusius
776 1410 1036 1466 explicantur
1056 1409 1181 1466 quam
1201 1409 1335 1461 antea,
1369 1419 1411 1452 et
1431 1408 1643 1453 adduntur
1662 1413 1944 1468 experimenta
1973 1427 2051 1454 no·

343 1496 392 1522 va
411 1479 464 1522 de
483 1481 713 1523 resistentia
731 1482 920 1539 gravium
941 1496 1034 1537 quae
1054 1481 1209 1522 cadunt
1228 1482 1272 1522 in
1293 1484 1400 1523 a'eEre.
1461 1480 1513 1523 In
1535 1482 1666 1524 Libro
1686 1484 1811 1525 tertio
1831 1498 2052 1541 argumen-

341 1563 429 1596 tum
445 1570 528 1610 quo
545 1555 708 1597 Lunam
725 1555 767 1596 in
790 1555 893 1596 orbe
910 1569 985 1595 suo
1004 1569 1080 1609 per
1093 1554 1340 1611 gravitatem
1355 1554 1524 1595 retineri
1543 1555 1759 1610 probatur,
1780 1555 1907 1611 paulo
1922 1553 2051 1598 fusius

341 1627 586 1681 exponitur:
619 1635 660 1668 et
679 1641 799 1667 novae
819 1625 1030 1667 adduntur
1050 1624 1358 1666 observationes
1379 1624 1432 1666 de
1460 1626 1732 1681 proportione
1752 1626 2052 1668 diametrorum

340 1700 456 1741 Jovis
487 1699 541 1741 ad
571 1699 748 1740 invicem
778 1714 803 1740 a
832 1699 890 1740 D.
919 1697 1111 1739 Poundio
1138 1697 1269 1738 factae.
1330 1696 1558 1739 Adduntur
1587 1698 1711 1739 etiam
1740 1698 2052 1741 observationes

342 1771 500 1827 aliquot
520 1779 694 1813 cometae
713 1770 822 1811 illius
843 1771 915 1826 qui
934 1785 1044 1811 anno
1068 1774 1189 1812 1680.
1212 1770 1416 1824 apparuit,
1449 1785 1474 1811 a
1493 1770 1551 1812 D.
1576 1768 1685 1812 Kirk
1705 1785 1846 1814 mense
1867 1771 2051 1814 Novem-

340 1843 405 1884 bri
424 1844 468 1883 in
486 1842 715 1884 Germania
728 1841 894 1891 habitae,
918 1856 1012 1896 quae
1027 1855 1162 1895 nuper
1177 1840 1230 1881 ad
1245 1855 1392 1881 manus
1405 1848 1566 1882 nostras
1582 1850 1800 1893 venerunt,
1818 1850 1860 1884 et
1875 1857 2051 1898 quarum

341 1928 421 1968 ope
441 1920 600 1954 constet
621 1910 744 1968 quam
765 1911 897 1967 prope
918 1911 1039 1953 orbes
1058 1911 1285 1966 parabolici
1304 1911 1484 1954 motibus
1504 1921 1757 1955 cometarum
1771 1903 2049 1969 respondent.

342 1987 399 2029 Et
416 1987 554 2028 orbita
575 1995 747 2027 cometae
766 1985 889 2035 illius,
912 1991 1178 2039 computante
1200 1983 1384 2034 Halleio‚
1406 1984 1532 2039 paulo
1548 1984 1778 2027 accuratius
1798 1986 2051 2028 determina-

341 2068 408 2101 tur
429 2058 552 2116 quam
582 2058 717 2109 antea,
748 2058 885 2114 idque,
902 2058 946 2098 in
973 2057 1119 2113 ellipsi.
1193 2056 1250 2098 Et
1277 2057 1507 2099 ostenditur
1528 2066 1732 2100 cometam
1752 2059 1796 2098 in
1815 2057 1894 2099 hac
1914 2058 2050 2101 orbita

341 2133 532 2187 emptica,
554 2146 631 2187 per
644 2145 794 2173 novem
811 2130 1010 2172 coelorum
1028 2130 1160 2186 signa,
1177 2143 1263 2170 non
1277 2127 1416 2171 minus
1432 2129 1620 2171 accurate
1637 2144 1804 2172 cursum
1823 2130 2046 2188 peregisse,

341 2203 466 2259 quam
486 2202 620 2244 solent
637 2202 815 2258 planetae
835 2202 879 2242 in
899 2201 1043 2242 orbitis
1064 2200 1253 2255 ellipticis
1271 2215 1348 2256 per
1367 2202 1663 2243 astronomiam
1678 2201 1858 2243 definitis
1877 2204 2046 2246 moveri.

343 2275 470 2318 Orbis
491 2276 612 2318 etiam
635 2282 806 2317 cometae
826 2274 899 2331 qui
918 2288 1029 2316 anno
1053 2278 1175 2318 1723.
1198 2274 1402 2328 apparuit,
1425 2290 1450 2315 a
1474 2273 1532 2317 D.
1556 2273 1752 2316 Bradleio
1765 2274 2048 2317 Astronomiae

341 2347 453 2403 apud
475 2347 736 2398 oxonienses
759 2346 997 2388 Professore
1017 2352 1277 2399 computatus
1298 2344 1499 2400 adjicitur.

465 2508 590 2538 Dabam
604 2506 747 2542 Londini,
763 2506 838 2538 Jan·
860 2507 908 2535 12.
929 2505 1056 2536 1725-6.

1649 2591 1716 2634 IS.
1750 2591 2043 2637 NEWTON.
