<?xml version="1.0" encoding="UTF-8"?>
<!DOCTYPE html PUBLIC "-//W3C//DTD XHTML 1.0 Transitional//EN"
    "http://www.w3.org/TR/xhtml1/DTD/xhtml1-transitional.dtd">
<html xmlns="http://www.w3.org/1999/xhtml" xml:lang="en" lang="en">
 <head>
  <title>
</title>
<meta http-equiv="Content-Type" content="text/html;charset=utf-8" />
  <meta name='ocr-system' content='tesseract 3.04.00' />
  <meta name='ocr-capabilities' content='ocr_page ocr_carea ocr_par ocr_line ocrx_word'/>
</head>
<body>
  <div class='ocr_page' id='page_1' title='image "./philosophiaenatu01newtuoft_0353.png"; bbox 0 0 2086 3542; ppageno 0'>
   <div class='ocr_carea' id='block_1_1' title="bbox 128 218 1821 272">
    <p class='ocr_par' dir='ltr' id='par_1_1' title="bbox 128 218 1821 272">
     <span class='ocr_line' id='line_1_1' title="bbox 128 218 1821 272; baseline 0.001 -9"><span class='ocrx_word' id='word_1_1' title='bbox 128 221 276 263; x_wconf 66' lang='lat' dir='ltr'>mez</span> <span class='ocrx_word' id='word_1_2' title='bbox 297 218 512 272; x_wconf 63' lang='lat' dir='ltr'>Patmos]</span> <span class='ocrx_word' id='word_1_3' title='bbox 599 218 921 262; x_wconf 89' lang='lat' dir='ltr'><strong>PRINCIPIA</strong></span> <span class='ocrx_word' id='word_1_4' title='bbox 951 218 1442 262; x_wconf 89' lang='lat' dir='ltr'><strong>MATHEMATICA.</strong></span> <span class='ocrx_word' id='word_1_5' title='bbox 1740 226 1821 265; x_wconf 82' lang='grc'>317</span> 
     </span>
    </p>
   </div>
   <div class='ocr_carea' id='block_1_2' title="bbox 124 333 1829 896">
    <p class='ocr_par' dir='ltr' id='par_1_2' title="bbox 124 333 1829 896">
     <span class='ocr_line' id='line_1_2' title="bbox 126 333 1823 393; baseline 0.001 -17"><span class='ocrx_word' id='word_1_6' title='bbox 126 335 236 378; x_wconf 71' lang='lat' dir='ltr'>recte</span> <span class='ocrx_word' id='word_1_7' title='bbox 255 335 321 377; x_wconf 86' lang='lat' dir='ltr'>vel</span> <span class='ocrx_word' id='word_1_8' title='bbox 340 333 500 377; x_wconf 72' lang='lat' dir='ltr'>inverse</span> <span class='ocrx_word' id='word_1_9' title='bbox 519 342 566 376; x_wconf 93' lang='lat' dir='ltr'>ut</span> <span class='ocrx_word' id='word_1_10' title='bbox 585 333 779 376; x_wconf 79' lang='lat' dir='ltr'>distantia</span> <span class='ocrx_word' id='word_1_11' title='bbox 797 349 1020 390; x_wconf 85' lang='lat' dir='ltr'>corporum</span> <span class='ocrx_word' id='word_1_12' title='bbox 1039 334 1092 375; x_wconf 87' lang='lat' dir='ltr'>ab</span> <span class='ocrx_word' id='word_1_13' title='bbox 1110 333 1312 384; x_wconf 80' lang='lat' dir='ltr'>invicem3</span> <span class='ocrx_word' id='word_1_14' title='bbox 1341 335 1408 376; x_wconf 83' lang='lat' dir='ltr'>vel</span> <span class='ocrx_word' id='word_1_15' title='bbox 1425 342 1473 376; x_wconf 93' lang='lat' dir='ltr'>ut</span> <span class='ocrx_word' id='word_1_16' title='bbox 1491 336 1684 391; x_wconf 87' lang='lat' dir='ltr'>quaelibet</span> <span class='ocrx_word' id='word_1_17' title='bbox 1702 336 1823 393; x_wconf 81' lang='lat' dir='ltr'>hujus</span> 
     </span>
     <span class='ocr_line' id='line_1_3' title="bbox 125 402 1827 464; baseline 0 -14"><span class='ocrx_word' id='word_1_18' title='bbox 125 409 330 451; x_wconf 85' lang='lat' dir='ltr'>distantiae</span> <span class='ocrx_word' id='word_1_19' title='bbox 347 402 553 464; x_wconf 75' lang='lat' dir='ltr'>potestas3</span> <span class='ocrx_word' id='word_1_20' title='bbox 582 406 649 449; x_wconf 88' lang='lat' dir='ltr'>vel</span> <span class='ocrx_word' id='word_1_21' title='bbox 668 407 846 463; x_wconf 92' lang='lat' dir='ltr'>denique</span> <span class='ocrx_word' id='word_1_22' title='bbox 866 415 913 449; x_wconf 87' lang='lat' dir='ltr'>ut</span> <span class='ocrx_word' id='word_1_23' title='bbox 940 406 1145 463; x_wconf 78' lang='lat' dir='ltr'><strong>quantitas</strong></span> <span class='ocrx_word' id='word_1_24' title='bbox 1177 407 1332 462; x_wconf 85' lang='lat' dir='ltr'>quaevis</span> <span class='ocrx_word' id='word_1_25' title='bbox 1366 422 1420 448; x_wconf 86' lang='lat' dir='ltr'>ex</span> <span class='ocrx_word' id='word_1_26' title='bbox 1449 406 1529 448; x_wconf 71' lang='lat' dir='ltr'>hac</span> <span class='ocrx_word' id='word_1_27' title='bbox 1563 408 1754 450; x_wconf 67' lang='lat' dir='ltr'>distantia</span> <span class='ocrx_word' id='word_1_28' title='bbox 1784 416 1827 451; x_wconf 82' lang='lat' dir='ltr'>et</span> 
     </span>
     <span class='ocr_line' id='line_1_4' title="bbox 125 468 1826 539; baseline 0 -17"><span class='ocrx_word' id='word_1_29' title='bbox 125 468 418 535; x_wconf 79' lang='lat' dir='ltr'>quantitatibus</span> <span class='ocrx_word' id='word_1_30' title='bbox 437 478 544 520; x_wconf 87' lang='lat' dir='ltr'>datis</span> <span class='ocrx_word' id='word_1_31' title='bbox 563 478 936 535; x_wconf 85' lang='lat' dir='ltr'>quomodocunque</span> <span class='ocrx_word' id='word_1_32' title='bbox 955 478 1164 539; x_wconf 84' lang='lat' dir='ltr'>derivata:</span> <span class='ocrx_word' id='word_1_33' title='bbox 1194 478 1274 520; x_wconf 86' lang='lat' dir='ltr'>erit</span> <span class='ocrx_word' id='word_1_34' title='bbox 1292 479 1436 520; x_wconf 86' lang='lat' dir='ltr'>eadem</span> <span class='ocrx_word' id='word_1_35' title='bbox 1454 479 1530 529; x_wconf 87' lang='lat' dir='ltr'>vis,</span> <span class='ocrx_word' id='word_1_36' title='bbox 1560 479 1643 534; x_wconf 72' lang='lat' dir='ltr'>qua</span> <span class='ocrx_word' id='word_1_37' title='bbox 1675 494 1826 535; x_wconf 86' lang='lat' dir='ltr'>corpus</span> 
     </span>
     <span class='ocr_line' id='line_1_5' title="bbox 125 550 1827 610; baseline -0.001 -16"><span class='ocrx_word' id='word_1_38' title='bbox 125 553 237 595; x_wconf 90' lang='lat' dir='ltr'>idem</span> <span class='ocrx_word' id='word_1_39' title='bbox 257 553 311 595; x_wconf 90' lang='lat' dir='ltr'>ad</span> <span class='ocrx_word' id='word_1_40' title='bbox 329 567 548 594; x_wconf 89' lang='lat' dir='ltr'>commune</span> <span class='ocrx_word' id='word_1_41' title='bbox 566 552 774 610; x_wconf 79' lang='lat' dir='ltr'>gravitatis</span> <span class='ocrx_word' id='word_1_42' title='bbox 793 559 982 594; x_wconf 85' lang='lat' dir='ltr'>centrum</span> <span class='ocrx_word' id='word_1_43' title='bbox 1000 551 1189 602; x_wconf 83' lang='lat' dir='ltr'>trahitur,</span> <span class='ocrx_word' id='word_1_44' title='bbox 1219 550 1374 593; x_wconf 73' lang='lat' dir='ltr'>directe</span> <span class='ocrx_word' id='word_1_45' title='bbox 1402 551 1545 593; x_wconf 88' lang='lat' dir='ltr'>itidem</span> <span class='ocrx_word' id='word_1_46' title='bbox 1575 551 1641 593; x_wconf 87' lang='lat' dir='ltr'>vel</span> <span class='ocrx_word' id='word_1_47' title='bbox 1668 552 1827 593; x_wconf 66' lang='lat' dir='ltr'>inverse</span> 
     </span>
     <span class='ocr_line' id='line_1_6' title="bbox 124 623 1828 680; baseline -0.001 -14"><span class='ocrx_word' id='word_1_48' title='bbox 124 632 172 666; x_wconf 90' lang='lat' dir='ltr'>ut</span> <span class='ocrx_word' id='word_1_49' title='bbox 191 624 374 680; x_wconf 89' lang='lat' dir='ltr'>corporis</span> <span class='ocrx_word' id='word_1_50' title='bbox 394 623 556 666; x_wconf 84' lang='lat' dir='ltr'>attracti</span> <span class='ocrx_word' id='word_1_51' title='bbox 575 624 768 666; x_wconf 82' lang='lat' dir='ltr'>distantia</span> <span class='ocrx_word' id='word_1_52' title='bbox 786 639 812 665; x_wconf 91' lang='lat' dir='ltr'>a</span> <span class='ocrx_word' id='word_1_53' title='bbox 830 631 974 666; x_wconf 87' lang='lat' dir='ltr'>centro</span> <span class='ocrx_word' id='word_1_54' title='bbox 991 623 1064 665; x_wconf 91' lang='lat' dir='ltr'>illo</span> <span class='ocrx_word' id='word_1_55' title='bbox 1083 623 1305 674; x_wconf 87' lang='lat' dir='ltr'>communi,</span> <span class='ocrx_word' id='word_1_56' title='bbox 1325 623 1391 665; x_wconf 84' lang='lat' dir='ltr'>vel</span> <span class='ocrx_word' id='word_1_57' title='bbox 1405 631 1452 665; x_wconf 90' lang='lat' dir='ltr'>ut</span> <span class='ocrx_word' id='word_1_58' title='bbox 1466 623 1610 666; x_wconf 89' lang='lat' dir='ltr'>eadem</span> <span class='ocrx_word' id='word_1_59' title='bbox 1625 623 1828 665; x_wconf 85' lang='lat' dir='ltr'>distantiae</span> 
     </span>
     <span class='ocr_line' id='line_1_7' title="bbox 124 693 1829 752; baseline -0.001 -15"><span class='ocrx_word' id='word_1_60' title='bbox 124 695 247 752; x_wconf 87' lang='lat' dir='ltr'>hujus</span> <span class='ocrx_word' id='word_1_61' title='bbox 265 703 460 752; x_wconf 76' lang='lat' dir='ltr'>potestas,</span> <span class='ocrx_word' id='word_1_62' title='bbox 482 696 547 739; x_wconf 86' lang='lat' dir='ltr'>vel</span> <span class='ocrx_word' id='word_1_63' title='bbox 567 696 744 752; x_wconf 88' lang='lat' dir='ltr'>denique</span> <span class='ocrx_word' id='word_1_64' title='bbox 762 703 811 738; x_wconf 92' lang='lat' dir='ltr'>ut</span> <span class='ocrx_word' id='word_1_65' title='bbox 829 695 1033 752; x_wconf 84' lang='lat' dir='ltr'>quantitas</span> <span class='ocrx_word' id='word_1_66' title='bbox 1053 709 1107 737; x_wconf 86' lang='lat' dir='ltr'>ex</span> <span class='ocrx_word' id='word_1_67' title='bbox 1124 694 1204 737; x_wconf 63' lang='lat' dir='ltr'>hac</span> <span class='ocrx_word' id='word_1_68' title='bbox 1222 693 1415 737; x_wconf 66' lang='lat' dir='ltr'>distantia</span> <span class='ocrx_word' id='word_1_69' title='bbox 1435 703 1477 737; x_wconf 89' lang='lat' dir='ltr'>et</span> <span class='ocrx_word' id='word_1_70' title='bbox 1495 695 1679 752; x_wconf 86' lang='lat' dir='ltr'>analogis</span> <span class='ocrx_word' id='word_1_71' title='bbox 1699 709 1829 751; x_wconf 83' lang='lat' dir='ltr'>quan-</span> 
     </span>
     <span class='ocr_line' id='line_1_8' title="bbox 125 766 1829 824; baseline 0 -15"><span class='ocrx_word' id='word_1_72' title='bbox 125 768 308 811; x_wconf 85' lang='lat' dir='ltr'>titatibus</span> <span class='ocrx_word' id='word_1_73' title='bbox 329 769 435 811; x_wconf 88' lang='lat' dir='ltr'>datis</span> <span class='ocrx_word' id='word_1_74' title='bbox 456 769 642 811; x_wconf 90' lang='lat' dir='ltr'>similiter</span> <span class='ocrx_word' id='word_1_75' title='bbox 660 768 854 811; x_wconf 79' lang='lat' dir='ltr'>derivata.</span> <span class='ocrx_word' id='word_1_76' title='bbox 901 766 952 824; x_wconf 81' lang='lat'>(¹²)</span> <span class='ocrx_word' id='word_1_77' title='bbox 987 767 1087 810; x_wconf 91' lang='lat' dir='ltr'>Hoc</span> <span class='ocrx_word' id='word_1_78' title='bbox 1106 775 1180 818; x_wconf 86' lang='lat' dir='ltr'>est,</span> <span class='ocrx_word' id='word_1_79' title='bbox 1197 767 1260 810; x_wconf 89' lang='lat' dir='ltr'>vis</span> <span class='ocrx_word' id='word_1_80' title='bbox 1278 767 1479 811; x_wconf 84' lang='lat' dir='ltr'>trahentis</span> <span class='ocrx_word' id='word_1_81' title='bbox 1498 768 1642 811; x_wconf 86' lang='lat' dir='ltr'>eadem</span> <span class='ocrx_word' id='word_1_82' title='bbox 1663 768 1742 810; x_wconf 91' lang='lat' dir='ltr'>erit</span> <span class='ocrx_word' id='word_1_83' title='bbox 1759 767 1829 810; x_wconf 86' lang='lat' dir='ltr'>lex</span> 
     </span>
     <span class='ocr_line' id='line_1_9' title="bbox 124 838 1023 896; baseline -0.002 -14"><span class='ocrx_word' id='word_1_84' title='bbox 124 847 316 896; x_wconf 84' lang='lat' dir='ltr'>respectu</span> <span class='ocrx_word' id='word_1_85' title='bbox 336 840 541 883; x_wconf 83' lang='lat' dir='ltr'>distantiae</span> <span class='ocrx_word' id='word_1_86' title='bbox 561 840 788 896; x_wconf 86' lang='lat' dir='ltr'>utriusque.</span> <span class='ocrx_word' id='word_1_87' title='bbox 848 839 904 889; x_wconf 87' lang='lat' dir='ltr'>Q.</span> <span class='ocrx_word' id='word_1_88' title='bbox 925 854 960 881; x_wconf 93' lang='lat' dir='ltr'>e.</span> <span class='ocrx_word' id='word_1_89' title='bbox 981 838 1023 880; x_wconf 91' lang='lat' dir='ltr'>d.</span> 
     </span>
    </p>
   </div>
   <div class='ocr_carea' id='block_1_3' title="bbox 338 1006 1601 1052">
    <p class='ocr_par' dir='ltr' id='par_1_3' title="bbox 338 1006 1601 1052">
     <span class='ocr_line' id='line_1_10' title="bbox 338 1006 1601 1052; baseline -0.002 0"><span class='ocrx_word' id='word_1_90' title='bbox 338 1006 713 1052; x_wconf 91' lang='lat' dir='ltr'><strong>PROPOSITIO</strong></span> <span class='ocrx_word' id='word_1_91' title='bbox 743 1006 892 1050; x_wconf 89' lang='lat' dir='ltr'>LXII.</span> <span class='ocrx_word' id='word_1_92' title='bbox 955 1006 1296 1051; x_wconf 92' lang='lat' dir='ltr'><strong>PROBLEMA</strong></span> <span class='ocrx_word' id='word_1_93' title='bbox 1329 1007 1601 1052; x_wconf 92' lang='lat' dir='ltr'><strong>XXXVIII.</strong></span> 
     </span>
    </p>
   </div>
   <div class='ocr_carea' id='block_1_4' title="bbox 126 1120 1831 1246">
    <p class='ocr_par' dir='ltr' id='par_1_4' title="bbox 126 1120 1831 1246">
     <span class='ocr_line' id='line_1_11' title="bbox 126 1120 1831 1178; baseline 0 -14"><span class='ocrx_word' id='word_1_94' title='bbox 126 1123 340 1176; x_wconf 70' lang='lat' dir='ltr'>Corporum</span> <span class='ocrx_word' id='word_1_95' title='bbox 359 1123 533 1174; x_wconf 80' lang='lat' dir='ltr'>dum-um,</span> <span class='ocrx_word' id='word_1_96' title='bbox 554 1137 641 1178; x_wconf 83' lang='lat' dir='ltr'>quoe</span> <span class='ocrx_word' id='word_1_97' title='bbox 658 1122 805 1165; x_wconf 72' lang='lat' dir='ltr'>viribus</span> <span class='ocrx_word' id='word_1_98' title='bbox 822 1122 1018 1176; x_wconf 79' lang='lat' dir='ltr'>quadrato</span> <span class='ocrx_word' id='word_1_99' title='bbox 1031 1122 1234 1163; x_wconf 66' lang='lat' dir='ltr'>distantia&gt;</span> <span class='ocrx_word' id='word_1_100' title='bbox 1249 1135 1330 1163; x_wconf 80' lang='lat' dir='ltr'>suae</span> <span class='ocrx_word' id='word_1_101' title='bbox 1346 1120 1540 1176; x_wconf 50' lang='lat' dir='ltr'>reciproca</span> <span class='ocrx_word' id='word_1_102' title='bbox 1554 1124 1831 1176; x_wconf 82' lang='lat' dir='ltr'>proportiona-</span> 
     </span>
     <span class='ocr_line' id='line_1_12' title="bbox 182 1194 1767 1246; baseline 0.003 -11"><span class='ocrx_word' id='word_1_103' title='bbox 182 1194 282 1236; x_wconf 69' lang='lat' dir='ltr'>libus</span> <span class='ocrx_word' id='word_1_104' title='bbox 299 1209 339 1236; x_wconf 85' lang='lat' dir='ltr'>se</span> <span class='ocrx_word' id='word_1_105' title='bbox 357 1201 486 1236; x_wconf 84' lang='lat' dir='ltr'>mutuo</span> <span class='ocrx_word' id='word_1_106' title='bbox 504 1196 679 1246; x_wconf 79' lang='lat' dir='ltr'>trahunt,</span> <span class='ocrx_word' id='word_1_107' title='bbox 701 1209 749 1236; x_wconf 84' lang='lat' dir='ltr'>ac</span> <span class='ocrx_word' id='word_1_108' title='bbox 767 1196 815 1235; x_wconf 85' lang='lat' dir='ltr'>de</span> <span class='ocrx_word' id='word_1_109' title='bbox 833 1195 927 1235; x_wconf 85' lang='lat' dir='ltr'>Iocis</span> <span class='ocrx_word' id='word_1_110' title='bbox 946 1195 1052 1236; x_wconf 77' lang='lat' dir='ltr'>dalis</span> <span class='ocrx_word' id='word_1_111' title='bbox 1070 1196 1338 1245; x_wconf 74' lang='lat' dir='ltr'>demittuntur,</span> <span class='ocrx_word' id='word_1_112' title='bbox 1359 1197 1617 1237; x_wconf 81' lang='lat' dir='ltr'>determinare</span> <span class='ocrx_word' id='word_1_113' title='bbox 1634 1203 1767 1239; x_wconf 58' lang='lat' dir='ltr'>motzae.</span> 
     </span>
    </p>
   </div>
   <div class='ocr_carea' id='block_1_5' title="bbox 98 1309 1836 1730">
    <p class='ocr_par' dir='ltr' id='par_1_5' title="bbox 98 1309 1836 1730">
     <span class='ocr_line' id='line_1_13' title="bbox 187 1309 1833 1366; baseline 0.001 -14"><span class='ocrx_word' id='word_1_114' title='bbox 187 1309 378 1365; x_wconf 84' lang='lat' dir='ltr'>Corpora</span> <span class='ocrx_word' id='word_1_115' title='bbox 407 1313 500 1366; x_wconf 88' lang='lat' dir='ltr'>(per</span> <span class='ocrx_word' id='word_1_116' title='bbox 519 1309 731 1352; x_wconf 86' lang='lat' dir='ltr'>theorema</span> <span class='ocrx_word' id='word_1_117' title='bbox 750 1310 1036 1362; x_wconf 81' lang='lat' dir='ltr'>novissimum)</span> <span class='ocrx_word' id='word_1_118' title='bbox 1065 1309 1236 1365; x_wconf 81' lang='lat' dir='ltr'>perinde</span> <span class='ocrx_word' id='word_1_119' title='bbox 1256 1310 1543 1362; x_wconf 85' lang='lat' dir='ltr'>movebuntur,</span> <span class='ocrx_word' id='word_1_120' title='bbox 1576 1326 1625 1353; x_wconf 87' lang='lat' dir='ltr'>ac</span> <span class='ocrx_word' id='word_1_121' title='bbox 1644 1311 1679 1353; x_wconf 93' lang='lat' dir='ltr'>si</span> <span class='ocrx_word' id='word_1_122' title='bbox 1698 1327 1724 1353; x_wconf 87' lang='lat' dir='ltr'>a</span> <span class='ocrx_word' id='word_1_123' title='bbox 1742 1327 1833 1359; x_wconf 86' lang='lat' dir='ltr'>cor-</span> 
     </span>
     <span class='ocr_line' id='line_1_14' title="bbox 98 1383 1834 1440; baseline 0.001 -16"><span class='ocrx_word' id='word_1_124' title='bbox 98 1399 111 1411; x_wconf 78' lang='lat'><strong>·</strong></span> <span class='ocrx_word' id='word_1_125' title='bbox 126 1397 231 1438; x_wconf 89' lang='lat' dir='ltr'>pore</span> <span class='ocrx_word' id='word_1_126' title='bbox 250 1383 372 1424; x_wconf 87' lang='lat' dir='ltr'>tertio</span> <span class='ocrx_word' id='word_1_127' title='bbox 391 1383 436 1424; x_wconf 87' lang='lat' dir='ltr'>in</span> <span class='ocrx_word' id='word_1_128' title='bbox 455 1383 665 1424; x_wconf 88' lang='lat' dir='ltr'>communi</span> <span class='ocrx_word' id='word_1_129' title='bbox 683 1383 895 1440; x_wconf 85' lang='lat' dir='ltr'>gravitatis</span> <span class='ocrx_word' id='word_1_130' title='bbox 924 1391 1067 1424; x_wconf 90' lang='lat' dir='ltr'>centro</span> <span class='ocrx_word' id='word_1_131' title='bbox 1095 1384 1319 1425; x_wconf 80' lang='lat' dir='ltr'>constituto</span> <span class='ocrx_word' id='word_1_132' title='bbox 1351 1383 1612 1426; x_wconf 87' lang='lat' dir='ltr'>traherentur</span> <span class='ocrx_word' id='word_1_133' title='bbox 1624 1400 1637 1434; x_wconf 92' lang='lat'>;</span> <span class='ocrx_word' id='word_1_134' title='bbox 1667 1393 1708 1426; x_wconf 89' lang='lat' dir='ltr'>et</span> <span class='ocrx_word' id='word_1_135' title='bbox 1739 1399 1834 1426; x_wconf 88' lang='lat' dir='ltr'>cen-</span> 
     </span>
     <span class='ocr_line' id='line_1_15' title="bbox 125 1453 1836 1511; baseline 0.001 -15"><span class='ocrx_word' id='word_1_136' title='bbox 125 1463 237 1496; x_wconf 90' lang='lat' dir='ltr'>trum</span> <span class='ocrx_word' id='word_1_137' title='bbox 257 1454 361 1496; x_wconf 88' lang='lat' dir='ltr'>illud</span> <span class='ocrx_word' id='word_1_138' title='bbox 380 1455 471 1510; x_wconf 90' lang='lat' dir='ltr'>ipso</span> <span class='ocrx_word' id='word_1_139' title='bbox 489 1463 626 1497; x_wconf 89' lang='lat' dir='ltr'>motus</span> <span class='ocrx_word' id='word_1_140' title='bbox 656 1454 773 1496; x_wconf 87' lang='lat' dir='ltr'>initio</span> <span class='ocrx_word' id='word_1_141' title='bbox 802 1454 984 1511; x_wconf 89' lang='lat' dir='ltr'>quiescet</span> <span class='ocrx_word' id='word_1_142' title='bbox 1011 1469 1087 1509; x_wconf 91' lang='lat' dir='ltr'>per</span> <span class='ocrx_word' id='word_1_143' title='bbox 1117 1453 1369 1510; x_wconf 87' lang='lat' dir='ltr'>hypothesin</span> <span class='ocrx_word' id='word_1_144' title='bbox 1381 1470 1393 1504; x_wconf 93' lang='lat'>;</span> <span class='ocrx_word' id='word_1_145' title='bbox 1424 1463 1466 1497; x_wconf 89' lang='lat' dir='ltr'>et</span> <span class='ocrx_word' id='word_1_146' title='bbox 1494 1464 1714 1511; x_wconf 86' lang='lat' dir='ltr'>propterea</span> <span class='ocrx_word' id='word_1_147' title='bbox 1744 1459 1836 1511; x_wconf 89' lang='lat' dir='ltr'>(per</span> 
     </span>
     <span class='ocr_line' id='line_1_16' title="bbox 125 1525 1836 1585; baseline 0 -17"><span class='ocrx_word' id='word_1_148' title='bbox 125 1527 267 1585; x_wconf 88' lang='lat' dir='ltr'>legum</span> <span class='ocrx_word' id='word_1_149' title='bbox 290 1527 431 1569; x_wconf 90' lang='lat' dir='ltr'>Corol.</span> <span class='ocrx_word' id='word_1_150' title='bbox 453 1526 516 1580; x_wconf 81' lang='lat'>4.)</span> <span class='ocrx_word' id='word_1_151' title='bbox 547 1541 709 1581; x_wconf 89' lang='lat' dir='ltr'>semper</span> <span class='ocrx_word' id='word_1_152' title='bbox 729 1525 924 1582; x_wconf 82' lang='lat' dir='ltr'>quiescet.</span> <span class='ocrx_word' id='word_1_153' title='bbox 983 1525 1302 1569; x_wconf 84' lang='lat' dir='ltr'>Determinandi</span> <span class='ocrx_word' id='word_1_154' title='bbox 1322 1535 1417 1568; x_wconf 89' lang='lat' dir='ltr'>sunt</span> <span class='ocrx_word' id='word_1_155' title='bbox 1435 1526 1562 1583; x_wconf 84' lang='lat' dir='ltr'>igitur</span> <span class='ocrx_word' id='word_1_156' title='bbox 1580 1535 1718 1568; x_wconf 89' lang='lat' dir='ltr'>motus</span> <span class='ocrx_word' id='word_1_157' title='bbox 1745 1541 1836 1568; x_wconf 88' lang='lat' dir='ltr'>cor-</span> 
     </span>
     <span class='ocr_line' id='line_1_17' title="bbox 125 1597 1834 1656; baseline -0.001 -14"><span class='ocrx_word' id='word_1_158' title='bbox 125 1615 278 1656; x_wconf 86' lang='lat' dir='ltr'>porum</span> <span class='ocrx_word' id='word_1_159' title='bbox 309 1604 402 1656; x_wconf 85' lang='lat' dir='ltr'>(per</span> <span class='ocrx_word' id='word_1_160' title='bbox 423 1600 550 1655; x_wconf 90' lang='lat' dir='ltr'>Prop.</span> <span class='ocrx_word' id='word_1_161' title='bbox 574 1598 742 1651; x_wconf 87' lang='lat' dir='ltr'><strong>XXV.)</strong></span> <span class='ocrx_word' id='word_1_162' title='bbox 771 1598 945 1654; x_wconf 88' lang='lat' dir='ltr'>perinde</span> <span class='ocrx_word' id='word_1_163' title='bbox 965 1613 1013 1640; x_wconf 87' lang='lat' dir='ltr'>ac</span> <span class='ocrx_word' id='word_1_164' title='bbox 1033 1599 1065 1639; x_wconf 91' lang='lat' dir='ltr'>si</span> <span class='ocrx_word' id='word_1_165' title='bbox 1085 1613 1111 1640; x_wconf 89' lang='lat' dir='ltr'>a</span> <span class='ocrx_word' id='word_1_166' title='bbox 1129 1598 1283 1639; x_wconf 86' lang='lat' dir='ltr'>viribus</span> <span class='ocrx_word' id='word_1_167' title='bbox 1314 1597 1367 1639; x_wconf 86' lang='lat' dir='ltr'>ad</span> <span class='ocrx_word' id='word_1_168' title='bbox 1395 1606 1582 1639; x_wconf 83' lang='lat' dir='ltr'>centrum</span> <span class='ocrx_word' id='word_1_169' title='bbox 1612 1598 1715 1640; x_wconf 89' lang='lat' dir='ltr'>illud</span> <span class='ocrx_word' id='word_1_170' title='bbox 1746 1607 1834 1640; x_wconf 89' lang='lat' dir='ltr'>ten-</span> 
     </span>
     <span class='ocr_line' id='line_1_18' title="bbox 125 1670 1836 1730; baseline -0.001 -15"><span class='ocrx_word' id='word_1_171' title='bbox 125 1673 320 1730; x_wconf 77' lang='lat' dir='ltr'>dentibus</span> <span class='ocrx_word' id='word_1_172' title='bbox 339 1680 600 1729; x_wconf 87' lang='lat' dir='ltr'>urgerentur,</span> <span class='ocrx_word' id='word_1_173' title='bbox 622 1680 665 1713; x_wconf 90' lang='lat' dir='ltr'>et</span> <span class='ocrx_word' id='word_1_174' title='bbox 682 1671 946 1713; x_wconf 82' lang='lat' dir='ltr'>habebuntur</span> <span class='ocrx_word' id='word_1_175' title='bbox 964 1679 1100 1713; x_wconf 88' lang='lat' dir='ltr'>motus</span> <span class='ocrx_word' id='word_1_176' title='bbox 1120 1685 1338 1712; x_wconf 84' lang='lat' dir='ltr'>cornorum</span> <span class='ocrx_word' id='word_1_177' title='bbox 1355 1684 1401 1713; x_wconf 90' lang='lat' dir='ltr'>se</span> <span class='ocrx_word' id='word_1_178' title='bbox 1414 1670 1560 1712; x_wconf 78' lang='lat' dir='ltr'>mutuo</span> <span class='ocrx_word' id='word_1_179' title='bbox 1575 1670 1836 1714; x_wconf 76' lang='lat' dir='ltr'>trahentium.</span> 
     </span>
    </p>
   </div>
   <div class='ocr_carea' id='block_1_6' title="bbox 127 1744 290 1795">
    <p class='ocr_par' dir='ltr' id='par_1_6' title="bbox 127 1744 290 1795">
     <span class='ocr_line' id='line_1_19' title="bbox 127 1744 290 1795; baseline 0.006 -9"><span class='ocrx_word' id='word_1_180' title='bbox 127 1745 183 1795; x_wconf 84' lang='lat' dir='ltr'>Q.</span> <span class='ocrx_word' id='word_1_181' title='bbox 204 1744 290 1788; x_wconf 87' lang='lat' dir='ltr'>e.i.</span> 
     </span>
    </p>
   </div>
   <div class='ocr_carea' id='block_1_7' title="bbox 357 1899 1602 1945">
    <p class='ocr_par' dir='ltr' id='par_1_7' title="bbox 357 1899 1602 1945">
     <span class='ocr_line' id='line_1_20' title="bbox 357 1899 1602 1945; baseline -0.002 0"><span class='ocrx_word' id='word_1_182' title='bbox 357 1900 738 1945; x_wconf 84' lang='lat' dir='ltr'><strong>PROPOSITIO</strong></span> <span class='ocrx_word' id='word_1_183' title='bbox 759 1901 935 1944; x_wconf 91' lang='lat' dir='ltr'><strong>LXIII.</strong></span> <span class='ocrx_word' id='word_1_184' title='bbox 997 1899 1341 1943; x_wconf 89' lang='lat' dir='ltr'><strong>PROBLEMA</strong></span> <span class='ocrx_word' id='word_1_185' title='bbox 1372 1899 1602 1942; x_wconf 90' lang='lat' dir='ltr'><strong>XXXIX.</strong></span> 
     </span>
    </p>
   </div>
   <div class='ocr_carea' id='block_1_8' title="bbox 130 1980 1837 2083">
    <p class='ocr_par' dir='ltr' id='par_1_8' title="bbox 130 1980 1837 2083">
     <span class='ocr_line' id='line_1_21' title="bbox 1060 1980 1083 2003; baseline 0 0"><span class='ocrx_word' id='word_1_186' title='bbox 1060 1980 1083 2003; x_wconf 69' lang='lat'><em>1</em></span> 
     </span>
     <span class='ocr_line' id='line_1_22' title="bbox 130 2026 1837 2083; baseline -0.002 -12"><span class='ocrx_word' id='word_1_187' title='bbox 130 2031 340 2083; x_wconf 78' lang='lat' dir='ltr'>Corporum</span> <span class='ocrx_word' id='word_1_188' title='bbox 360 2030 518 2069; x_wconf 78' lang='lat' dir='ltr'>duorum</span> <span class='ocrx_word' id='word_1_189' title='bbox 539 2041 626 2082; x_wconf 81' lang='lat' dir='ltr'>quoe</span> <span class='ocrx_word' id='word_1_190' title='bbox 644 2029 790 2069; x_wconf 81' lang='lat' dir='ltr'>viribus</span> <span class='ocrx_word' id='word_1_191' title='bbox 805 2029 1000 2082; x_wconf 77' lang='lat' dir='ltr'>quadrato</span> <span class='ocrx_word' id='word_1_192' title='bbox 1019 2028 1221 2069; x_wconf 80' lang='lat' dir='ltr'>distantiae</span> <span class='ocrx_word' id='word_1_193' title='bbox 1239 2041 1319 2068; x_wconf 83' lang='lat' dir='ltr'>suae</span> <span class='ocrx_word' id='word_1_194' title='bbox 1337 2026 1534 2081; x_wconf 69' lang='lat' dir='ltr'>reciproce?</span> <span class='ocrx_word' id='word_1_195' title='bbox 1552 2028 1837 2082; x_wconf 69' lang='lat' dir='ltr'>proportiona-</span> 
     </span>
    </p>
   </div>
   <div class='ocr_carea' id='block_1_9' title="bbox 183 2096 1838 2219">
    <p class='ocr_par' dir='ltr' id='par_1_9' title="bbox 183 2096 1838 2219">
     <span class='ocr_line' id='line_1_23' title="bbox 183 2096 1838 2151; baseline -0.001 -11"><span class='ocrx_word' id='word_1_196' title='bbox 183 2100 284 2140; x_wconf 81' lang='lat' dir='ltr'>libus</span> <span class='ocrx_word' id='word_1_197' title='bbox 296 2113 341 2139; x_wconf 69' lang='lat' dir='ltr'>se</span> <span class='ocrx_word' id='word_1_198' title='bbox 360 2104 488 2138; x_wconf 84' lang='lat' dir='ltr'>mutuo</span> <span class='ocrx_word' id='word_1_199' title='bbox 507 2096 683 2146; x_wconf 57' lang='lat' dir='ltr'>trallunt,</span> <span class='ocrx_word' id='word_1_200' title='bbox 705 2098 827 2151; x_wconf 84' lang='lat' dir='ltr'>deque</span> <span class='ocrx_word' id='word_1_201' title='bbox 846 2098 940 2138; x_wconf 84' lang='lat' dir='ltr'>locis</span> <span class='ocrx_word' id='word_1_202' title='bbox 959 2097 1078 2146; x_wconf 81' lang='lat' dir='ltr'>datis,</span> <span class='ocrx_word' id='word_1_203' title='bbox 1109 2098 1312 2138; x_wconf 81' lang='lat' dir='ltr'>secundum</span> <span class='ocrx_word' id='word_1_204' title='bbox 1331 2098 1448 2138; x_wconf 76' lang='lat' dir='ltr'>datas</span> <span class='ocrx_word' id='word_1_205' title='bbox 1466 2105 1603 2147; x_wconf 77' lang='lat' dir='ltr'>rectas,</span> <span class='ocrx_word' id='word_1_206' title='bbox 1625 2099 1731 2139; x_wconf 84' lang='lat' dir='ltr'>datis</span> <span class='ocrx_word' id='word_1_207' title='bbox 1755 2112 1838 2138; x_wconf 80' lang='lat' dir='ltr'>cum</span> 
     </span>
     <span class='ocr_line' id='line_1_24' title="bbox 184 2169 1049 2219; baseline -0.001 -7"><span class='ocrx_word' id='word_1_208' title='bbox 184 2170 447 2212; x_wconf 82' lang='lat' dir='ltr'>velocitatibus</span> <span class='ocrx_word' id='word_1_209' title='bbox 466 2175 615 2219; x_wconf 71' lang='lat' dir='ltr'>exeunt,</span> <span class='ocrx_word' id='word_1_210' title='bbox 637 2169 896 2210; x_wconf 81' lang='lat' dir='ltr'>determinare</span> <span class='ocrx_word' id='word_1_211' title='bbox 914 2174 1049 2211; x_wconf 81' lang='lat' dir='ltr'>motus.</span> 
     </span>
    </p>
   </div>
   <div class='ocr_carea' id='block_1_10' title="bbox 133 2294 1840 2425">
    <p class='ocr_par' dir='ltr' id='par_1_10' title="bbox 133 2294 1840 2425">
     <span class='ocr_line' id='line_1_25' title="bbox 188 2294 1840 2352; baseline -0.001 -15"><span class='ocrx_word' id='word_1_212' title='bbox 188 2296 232 2352; x_wconf 84' lang='lat'>(¹)</span> <span class='ocrx_word' id='word_1_213' title='bbox 264 2294 333 2337; x_wconf 85' lang='lat' dir='ltr'>Ex</span> <span class='ocrx_word' id='word_1_214' title='bbox 352 2294 459 2336; x_wconf 84' lang='lat' dir='ltr'>datis</span> <span class='ocrx_word' id='word_1_215' title='bbox 480 2309 702 2349; x_wconf 89' lang='lat' dir='ltr'>corporum</span> <span class='ocrx_word' id='word_1_216' title='bbox 720 2294 900 2336; x_wconf 85' lang='lat' dir='ltr'>motibus</span> <span class='ocrx_word' id='word_1_217' title='bbox 920 2295 996 2336; x_wconf 90' lang='lat' dir='ltr'>sub</span> <span class='ocrx_word' id='word_1_218' title='bbox 1016 2294 1146 2346; x_wconf 88' lang='lat' dir='ltr'>initio,</span> <span class='ocrx_word' id='word_1_219' title='bbox 1168 2295 1291 2337; x_wconf 86' lang='lat' dir='ltr'>datur</span> <span class='ocrx_word' id='word_1_220' title='bbox 1309 2295 1524 2338; x_wconf 86' lang='lat' dir='ltr'>uniformis</span> <span class='ocrx_word' id='word_1_221' title='bbox 1542 2303 1680 2338; x_wconf 90' lang='lat' dir='ltr'>motus</span> <span class='ocrx_word' id='word_1_222' title='bbox 1710 2296 1840 2338; x_wconf 86' lang='lat' dir='ltr'>centri</span> 
     </span>
     <span class='ocr_line' id='line_1_26' title="bbox 133 2367 1838 2425; baseline 0.001 -15"><span class='ocrx_word' id='word_1_223' title='bbox 133 2369 363 2410; x_wconf 86' lang='lat' dir='ltr'>communis</span> <span class='ocrx_word' id='word_1_224' title='bbox 382 2368 609 2425; x_wconf 87' lang='lat' dir='ltr'>gravitatis,</span> <span class='ocrx_word' id='word_1_225' title='bbox 631 2375 678 2410; x_wconf 90' lang='lat' dir='ltr'>ut</span> <span class='ocrx_word' id='word_1_226' title='bbox 697 2376 739 2410; x_wconf 89' lang='lat' dir='ltr'>et</span> <span class='ocrx_word' id='word_1_227' title='bbox 757 2375 895 2409; x_wconf 88' lang='lat' dir='ltr'>motus</span> <span class='ocrx_word' id='word_1_228' title='bbox 915 2368 1049 2424; x_wconf 84' lang='lat' dir='ltr'>spatii,</span> <span class='ocrx_word' id='word_1_229' title='bbox 1071 2368 1184 2425; x_wconf 86' lang='lat' dir='ltr'>quod</span> <span class='ocrx_word' id='word_1_230' title='bbox 1203 2367 1287 2410; x_wconf 68' lang='lat' dir='ltr'>una</span> <span class='ocrx_word' id='word_1_231' title='bbox 1304 2383 1400 2410; x_wconf 90' lang='lat' dir='ltr'>cum</span> <span class='ocrx_word' id='word_1_232' title='bbox 1419 2368 1500 2410; x_wconf 92' lang='lat' dir='ltr'>hoc</span> <span class='ocrx_word' id='word_1_233' title='bbox 1529 2378 1671 2411; x_wconf 88' lang='lat' dir='ltr'>centro</span> <span class='ocrx_word' id='word_1_234' title='bbox 1701 2384 1838 2412; x_wconf 89' lang='lat' dir='ltr'>move-</span> 
     </span>
    </p>
   </div>
   <div class='ocr_carea' id='block_1_11' title="bbox 177 2510 1841 2558">
    <p class='ocr_par' dir='ltr' id='par_1_11' title="bbox 177 2510 1841 2558">
     <span class='ocr_line' id='line_1_27' title="bbox 177 2510 1841 2558; baseline 0.002 -16"><span class='ocrx_word' id='word_1_235' title='bbox 177 2510 225 2558; x_wconf 55' lang='grc' dir='ltr'>(Β)</span> <span class='ocrx_word' id='word_1_236' title='bbox 249 2513 267 2530; x_wconf 73' lang='grc'><strong>’</strong></span> <span class='ocrx_word' id='word_1_237' title='bbox 292 2512 362 2542; x_wconf 87' lang='lat' dir='ltr'>Hoc</span> <span class='ocrx_word' id='word_1_238' title='bbox 373 2511 476 2548; x_wconf 57' lang='lat' dir='ltr'>estatis</span> <span class='ocrx_word' id='word_1_239' title='bbox 490 2511 637 2541; x_wconf 72' lang='lat' dir='ltr'>trahentis</span> <span class='ocrx_word' id='word_1_240' title='bbox 651 2512 754 2541; x_wconf 82' lang='lat' dir='ltr'>eadem</span> <span class='ocrx_word' id='word_1_241' title='bbox 769 2512 823 2541; x_wconf 76' lang='lat' dir='ltr'>erit</span> <span class='ocrx_word' id='word_1_242' title='bbox 838 2512 894 2547; x_wconf 70' lang='lat' dir='ltr'>lex,</span> <span class='ocrx_word' id='word_1_243' title='bbox 907 2510 963 2540; x_wconf 73' lang='grc' dir='ltr'>διε.</span> <span class='ocrx_word' id='word_1_244' title='bbox 1009 2511 1136 2541; x_wconf 84' lang='lat' dir='ltr'>trahunt</span> <span class='ocrx_word' id='word_1_245' title='bbox 1149 2516 1186 2541; x_wconf 87' lang='lat' dir='ltr'>ut</span> <span class='ocrx_word' id='word_1_246' title='bbox 1199 2521 1216 2541; x_wconf 92' lang='lat' dir='ltr'>c</span> <span class='ocrx_word' id='word_1_247' title='bbox 1230 2521 1251 2541; x_wconf 87' lang='lat' dir='ltr'>x</span> <span class='ocrx_word' id='word_1_248' title='bbox 1267 2511 1283 2526; x_wconf 91' lang='lat'>¹¹</span> <span class='ocrx_word' id='word_1_249' title='bbox 1297 2512 1340 2555; x_wconf 54' lang='grc' dir='ltr'>-ξ-</span> <span class='ocrx_word' id='word_1_250' title='bbox 1354 2522 1372 2543; x_wconf 88' lang='lat' dir='ltr'>e</span> <span class='ocrx_word' id='word_1_251' title='bbox 1386 2522 1408 2543; x_wconf 86' lang='lat' dir='ltr'>x</span> <span class='ocrx_word' id='word_1_252' title='bbox 1422 2511 1457 2550; x_wconf 81' lang='lat'>¹²²,</span> <span class='ocrx_word' id='word_1_253' title='bbox 1473 2517 1504 2543; x_wconf 82' lang='lat' dir='ltr'>et</span> <span class='ocrx_word' id='word_1_254' title='bbox 1517 2522 1545 2549; x_wconf 92' lang='lat' dir='ltr'>c,</span> <span class='ocrx_word' id='word_1_255' title='bbox 1562 2523 1580 2543; x_wconf 91' lang='lat' dir='ltr'>e</span> <span class='ocrx_word' id='word_1_256' title='bbox 1594 2513 1777 2553; x_wconf 78' lang='lat' dir='ltr'>quantitates</span> <span class='ocrx_word' id='word_1_257' title='bbox 1787 2513 1841 2545; x_wconf 79' lang='lat' dir='ltr'>da·</span> 
     </span>
    </p>
   </div>
   <div class='ocr_carea' id='block_1_12' title="bbox 61 2553 1840 2691">
    <p class='ocr_par' dir='ltr' id='par_1_12' title="bbox 61 2553 1840 2691">
     <span class='ocr_line' id='line_1_28' title="bbox 136 2553 1830 2624; baseline 0.001 -39"><span class='ocrx_word' id='word_1_258' title='bbox 136 2553 183 2585; x_wconf 81' lang='lat' dir='ltr'>sit</span> <span class='ocrx_word' id='word_1_259' title='bbox 205 2554 252 2595; x_wconf 86' lang='lat' dir='ltr'>(in</span> <span class='ocrx_word' id='word_1_260' title='bbox 276 2553 329 2594; x_wconf 87' lang='lat' dir='ltr'>fig.</span> <span class='ocrx_word' id='word_1_261' title='bbox 358 2553 452 2592; x_wconf 83' lang='lat' dir='ltr'>Prop.</span> <span class='ocrx_word' id='word_1_262' title='bbox 481 2556 551 2591; x_wconf 88' lang='lat'><strong>58.)</strong></span> <span class='ocrx_word' id='word_1_263' title='bbox 577 2553 760 2589; x_wconf 81' lang='lat' dir='ltr'><strong>TQ=x,</strong></span> <span class='ocrx_word' id='word_1_264' title='bbox 787 2553 966 2593; x_wconf 83' lang='lat' dir='ltr'><strong>CQ=y‚</strong></span> <span class='ocrx_word' id='word_1_265' title='bbox 1010 2585 1051 2609; x_wconf 41' lang='grc' dir='ltr'>,ἃ</span> <span class='ocrx_word' id='word_1_266' title='bbox 1078 2555 1830 2624; x_wconf 56' lang='lat' dir='ltr'>efitcx⁸÷exm—c⁸nyn†e⁸mym</span> 
     </span>
     <span class='ocr_line' id='line_1_29' title="bbox 61 2600 1840 2691; baseline -0.007 -37"><span class='ocrx_word' id='word_1_267' title='bbox 61 2651 63 2654; x_wconf 86' lang='lat'><strong>.</strong></span> <span class='ocrx_word' id='word_1_268' title='bbox 135 2620 336 2662; x_wconf 78' lang='lat' dir='ltr'>etxadyin</span> <span class='ocrx_word' id='word_1_269' title='bbox 356 2621 475 2652; x_wconf 84' lang='lat' dir='ltr'>ratione</span> <span class='ocrx_word' id='word_1_270' title='bbox 496 2619 714 2658; x_wconf 66' lang='lat' dir='ltr'>dataaadb,</span> <span class='ocrx_word' id='word_1_271' title='bbox 738 2605 968 2678; x_wconf 56' lang='lat' dir='ltr'>seux=¹lffy,</span> <span class='ocrx_word' id='word_1_272' title='bbox 1050 2600 1061 2617; x_wconf 62' lang='lat'><strong><em>⁹</em></strong></span> <span class='ocrx_word' id='word_1_273' title='bbox 1408 2603 1455 2611; x_wconf 79' lang='lat'><em>-</em></span> <span class='ocrx_word' id='word_1_274' title='bbox 1487 2608 1619 2691; x_wconf 34' lang='grc' dir='ltr'>εἷλ’,</span> <span class='ocrx_word' id='word_1_275' title='bbox 1683 2605 1840 2691; x_wconf 49' lang='grc' dir='ltr'>εαῑὶζγω’</span> 
     </span>
    </p>
   </div>
   <div class='ocr_carea' id='block_1_13' title="bbox 1487 2694 1576 2701">
    <p class='ocr_par' dir='ltr' id='par_1_13' title="bbox 1487 2694 1576 2701">
     <span class='ocr_line' id='line_1_30' title="bbox 1487 2694 1576 2701; baseline 0 0"><span class='ocrx_word' id='word_1_276' title='bbox 1487 2694 1576 2701; x_wconf 95' lang='lat' dir='ltr'> </span> 
     </span>
    </p>
   </div>
   <div class='ocr_carea' id='block_1_14' title="bbox 137 2672 1837 2735">
    <p class='ocr_par' dir='ltr' id='par_1_14' title="bbox 137 2672 1837 2735">
     <span class='ocr_line' id='line_1_31' title="bbox 137 2672 1837 2735; baseline -0.001 -14"><span class='ocrx_word' id='word_1_277' title='bbox 137 2690 258 2730; x_wconf 77' lang='lat' dir='ltr'>visqua</span> <span class='ocrx_word' id='word_1_278' title='bbox 270 2700 399 2730; x_wconf 79' lang='lat' dir='ltr'>oerpora</span> <span class='ocrx_word' id='word_1_279' title='bbox 415 2690 447 2726; x_wconf 87' lang='lat' dir='ltr'>S,</span> <span class='ocrx_word' id='word_1_280' title='bbox 463 2689 492 2720; x_wconf 93' lang='lat' dir='ltr'><strong>P</strong></span> <span class='ocrx_word' id='word_1_281' title='bbox 506 2689 540 2719; x_wconf 92' lang='lat' dir='ltr'>in</span> <span class='ocrx_word' id='word_1_282' title='bbox 554 2689 629 2720; x_wconf 82' lang='lat' dir='ltr'>loeis</span> <span class='ocrx_word' id='word_1_283' title='bbox 642 2689 681 2726; x_wconf 90' lang='lat' dir='ltr'>T,</span> <span class='ocrx_word' id='word_1_284' title='bbox 697 2690 776 2725; x_wconf 81' lang='lat' dir='ltr'>Qse</span> <span class='ocrx_word' id='word_1_285' title='bbox 789 2688 970 2721; x_wconf 56' lang='lat' dir='ltr'>mutuom„</span> <span class='ocrx_word' id='word_1_286' title='bbox 1011 2672 1143 2715; x_wconf 48' lang='lat' dir='ltr'>ideaque</span> <span class='ocrx_word' id='word_1_287' title='bbox 1156 2673 1251 2705; x_wconf 65' lang='lat' dir='ltr'>Visad</span> <span class='ocrx_word' id='word_1_288' title='bbox 1265 2674 1478 2707; x_wconf 59' lang='lat' dir='ltr'>cmdensut</span> <span class='ocrx_word' id='word_1_289' title='bbox 1530 2705 1551 2734; x_wconf 76' lang='lat' dir='ltr'>b</span> <span class='ocrx_word' id='word_1_290' title='bbox 1567 2675 1837 2735; x_wconf 65' lang='lat' dir='ltr'>2-4-ffm—‘·</span> 
     </span>
    </p>
   </div>
   <div class='ocr_carea' id='block_1_15' title="bbox 137 2731 1845 2957">
    <p class='ocr_par' dir='ltr' id='par_1_15' title="bbox 137 2731 1844 2800">
     <span class='ocr_line' id='line_1_32' title="bbox 137 2731 1844 2800; baseline 0.004 -29"><span class='ocrx_word' id='word_1_291' title='bbox 137 2759 218 2789; x_wconf 68' lang='lat' dir='ltr'><strong>hunt</strong></span> <span class='ocrx_word' id='word_1_292' title='bbox 231 2757 270 2788; x_wconf 45' lang='grc' dir='ltr'>δὴ</span> <span class='ocrx_word' id='word_1_293' title='bbox 283 2763 321 2789; x_wconf 69' lang='lat' dir='ltr'>ut</span> <span class='ocrx_word' id='word_1_294' title='bbox 334 2767 356 2788; x_wconf 70' lang='lat' dir='ltr'>x</span> <span class='ocrx_word' id='word_1_295' title='bbox 365 2757 402 2796; x_wconf 66' lang='lat' dir='ltr'>m,</span> <span class='ocrx_word' id='word_1_296' title='bbox 419 2758 477 2788; x_wconf 59' lang='lat' dir='ltr'><strong>erit</strong></span> <span class='ocrx_word' id='word_1_297' title='bbox 491 2767 511 2788; x_wconf 71' lang='lat' dir='ltr'>x</span> <span class='ocrx_word' id='word_1_298' title='bbox 526 2757 550 2772; x_wconf 87' lang='lat' dir='ltr'>m</span> <span class='ocrx_word' id='word_1_299' title='bbox 564 2771 610 2787; x_wconf 86' lang='lat'><strong><em>=</em></strong></span> <span class='ocrx_word' id='word_1_300' title='bbox 621 2731 756 2796; x_wconf 52' lang='lat' dir='ltr'>{ly-m,</span> <span class='ocrx_word' id='word_1_301' title='bbox 771 2757 908 2800; x_wconf 46' lang='lat' dir='ltr'>deeque</span> <span class='ocrx_word' id='word_1_302' title='bbox 919 2769 972 2790; x_wconf 60' lang='lat' dir='ltr'>ea-</span> <span class='ocrx_word' id='word_1_303' title='bbox 1055 2742 1096 2784; x_wconf 63' lang='grc' dir='ltr'>(ἰ)</span> <span class='ocrx_word' id='word_1_304' title='bbox 1120 2745 1138 2764; x_wconf 74' lang='lat'><em>⁰</em></span> <span class='ocrx_word' id='word_1_305' title='bbox 1162 2745 1214 2775; x_wconf 68' lang='lat' dir='ltr'>Ex</span> <span class='ocrx_word' id='word_1_306' title='bbox 1226 2745 1303 2775; x_wconf 75' lang='lat' dir='ltr'>datis</span> <span class='ocrx_word' id='word_1_307' title='bbox 1316 2756 1475 2785; x_wconf 74' lang='lat' dir='ltr'>corporum</span> <span class='ocrx_word' id='word_1_308' title='bbox 1495 2747 1620 2777; x_wconf 72' lang='lat' dir='ltr'>motibus</span> <span class='ocrx_word' id='word_1_309' title='bbox 1638 2745 1777 2778; x_wconf 70' lang='lat' dir='ltr'>absolutis</span> <span class='ocrx_word' id='word_1_310' title='bbox 1789 2748 1844 2780; x_wconf 75' lang='lat' dir='ltr'>sub</span> 
     </span>
    </p>

    <p class='ocr_par' dir='ltr' id='par_1_16' title="bbox 138 2784 1845 2957">
     <span class='ocr_line' id='line_1_33' title="bbox 657 2784 1845 2829; baseline 0.004 -14"><span class='ocrx_word' id='word_1_311' title='bbox 657 2786 678 2815; x_wconf 91' lang='lat' dir='ltr'>b</span> <span class='ocrx_word' id='word_1_312' title='bbox 693 2784 717 2799; x_wconf 82' lang='lat'>¹¹¹</span> <span class='ocrx_word' id='word_1_313' title='bbox 1011 2786 1107 2823; x_wconf 70' lang='lat' dir='ltr'>initio,</span> <span class='ocrx_word' id='word_1_314' title='bbox 1137 2788 1229 2817; x_wconf 80' lang='lat' dir='ltr'>datur</span> <span class='ocrx_word' id='word_1_315' title='bbox 1255 2788 1419 2829; x_wconf 64' lang='lat' dir='ltr'>nuffar-mis</span> <span class='ocrx_word' id='word_1_316' title='bbox 1446 2794 1547 2819; x_wconf 76' lang='lat' dir='ltr'>motus</span> <span class='ocrx_word' id='word_1_317' title='bbox 1574 2789 1725 2820; x_wconf 77' lang='lat' dir='ltr'>absolutus</span> <span class='ocrx_word' id='word_1_318' title='bbox 1749 2791 1845 2821; x_wconf 77' lang='lat' dir='ltr'>centri</span> 
     </span>
     <span class='ocr_line' id='line_1_34' title="bbox 138 2825 1845 2871; baseline 0.004 -14"><span class='ocrx_word' id='word_1_319' title='bbox 138 2826 209 2857; x_wconf 84' lang='lat' dir='ltr'>dem</span> <span class='ocrx_word' id='word_1_320' title='bbox 223 2826 270 2855; x_wconf 80' lang='lat' dir='ltr'>vis</span> <span class='ocrx_word' id='word_1_321' title='bbox 283 2825 375 2856; x_wconf 74' lang='lat' dir='ltr'>etiam</span> <span class='ocrx_word' id='word_1_322' title='bbox 388 2832 427 2857; x_wconf 80' lang='lat' dir='ltr'>ut</span> <span class='ocrx_word' id='word_1_323' title='bbox 445 2826 513 2866; x_wconf 73' lang='lat' dir='ltr'>ym,</span> <span class='ocrx_word' id='word_1_324' title='bbox 540 2828 582 2858; x_wconf 88' lang='lat' dir='ltr'>ob</span> <span class='ocrx_word' id='word_1_325' title='bbox 606 2827 709 2858; x_wconf 75' lang='lat' dir='ltr'>datam</span> <span class='ocrx_word' id='word_1_326' title='bbox 734 2827 884 2858; x_wconf 72' lang='lat' dir='ltr'>rationem</span> <span class='ocrx_word' id='word_1_327' title='bbox 905 2827 969 2865; x_wconf 68' lang='lat' dir='ltr'>am,</span> <span class='ocrx_word' id='word_1_328' title='bbox 1012 2830 1182 2860; x_wconf 81' lang='lat' dir='ltr'>communis</span> <span class='ocrx_word' id='word_1_329' title='bbox 1203 2831 1358 2868; x_wconf 74' lang='lat' dir='ltr'>gravitatis</span> <span class='ocrx_word' id='word_1_330' title='bbox 1381 2831 1448 2871; x_wconf 87' lang='lat'><strong>(67,</strong></span> <span class='ocrx_word' id='word_1_331' title='bbox 1464 2833 1514 2865; x_wconf 88' lang='lat'>68,</span> <span class='ocrx_word' id='word_1_332' title='bbox 1531 2830 1588 2870; x_wconf 89' lang='lat'>69)</span> <span class='ocrx_word' id='word_1_333' title='bbox 1611 2837 1640 2862; x_wconf 83' lang='lat' dir='ltr'>et</span> <span class='ocrx_word' id='word_1_334' title='bbox 1661 2833 1731 2863; x_wconf 78' lang='lat' dir='ltr'>hinc.</span> <span class='ocrx_word' id='word_1_335' title='bbox 1751 2834 1845 2863; x_wconf 79' lang='lat' dir='ltr'>datu.-</span> 
     </span>
     <span class='ocr_line' id='line_1_35' title="bbox 139 2868 1844 2912; baseline 0.004 -14"><span class='ocrx_word' id='word_1_336' title='bbox 139 2869 180 2899; x_wconf 83' lang='lat' dir='ltr'>ad</span> <span class='ocrx_word' id='word_1_337' title='bbox 193 2870 215 2899; x_wconf 91' lang='lat' dir='ltr'>b</span> <span class='ocrx_word' id='word_1_338' title='bbox 225 2868 260 2905; x_wconf 81' lang='lat'>¹¹²,</span> <span class='ocrx_word' id='word_1_339' title='bbox 275 2878 409 2908; x_wconf 84' lang='lat' dir='ltr'>cumque</span> <span class='ocrx_word' id='word_1_340' title='bbox 421 2869 468 2899; x_wconf 80' lang='lat' dir='ltr'>vis</span> <span class='ocrx_word' id='word_1_341' title='bbox 484 2869 548 2909; x_wconf 63' lang='lat' dir='ltr'>qui</span> <span class='ocrx_word' id='word_1_342' title='bbox 568 2879 696 2909; x_wconf 78' lang='lat' dir='ltr'>corpora</span> <span class='ocrx_word' id='word_1_343' title='bbox 720 2880 753 2900; x_wconf 82' lang='lat' dir='ltr'>se</span> <span class='ocrx_word' id='word_1_344' title='bbox 774 2869 887 2900; x_wconf 73' lang='lat' dir='ltr'>mutuo</span> <span class='ocrx_word' id='word_1_345' title='bbox 909 2876 971 2900; x_wconf 79' lang='lat' dir='ltr'>tra-</span> <span class='ocrx_word' id='word_1_346' title='bbox 1013 2879 1111 2901; x_wconf 74' lang='lat' dir='ltr'>motus</span> <span class='ocrx_word' id='word_1_347' title='bbox 1124 2873 1212 2910; x_wconf 76' lang='lat' dir='ltr'>spatii</span> <span class='ocrx_word' id='word_1_348' title='bbox 1225 2873 1307 2912; x_wconf 77' lang='lat' dir='ltr'>quod</span> <span class='ocrx_word' id='word_1_349' title='bbox 1319 2871 1385 2903; x_wconf 70' lang='lat' dir='ltr'>und</span> <span class='ocrx_word' id='word_1_350' title='bbox 1400 2883 1472 2903; x_wconf 80' lang='lat' dir='ltr'>cum</span> <span class='ocrx_word' id='word_1_351' title='bbox 1486 2874 1540 2904; x_wconf 77' lang='lat' dir='ltr'>boc</span> <span class='ocrx_word' id='word_1_352' title='bbox 1561 2880 1664 2905; x_wconf 74' lang='lat' dir='ltr'>centro</span> <span class='ocrx_word' id='word_1_353' title='bbox 1685 2879 1716 2904; x_wconf 84' lang='lat' dir='ltr'>et</span> <span class='ocrx_word' id='word_1_354' title='bbox 1736 2874 1844 2904; x_wconf 62' lang='lat' dir='ltr'>eadem</span> 
     </span>
     <span class='ocr_line' id='line_1_36' title="bbox 141 2910 1845 2957; baseline 0.004 -16"><span class='ocrx_word' id='word_1_355' title='bbox 141 2912 221 2941; x_wconf 84' lang='lat' dir='ltr'>hunt</span> <span class='ocrx_word' id='word_1_356' title='bbox 235 2910 361 2950; x_wconf 72' lang='lat' dir='ltr'>:equalis</span> <span class='ocrx_word' id='word_1_357' title='bbox 375 2910 415 2941; x_wconf 77' lang='lat' dir='ltr'>sit</span> <span class='ocrx_word' id='word_1_358' title='bbox 427 2911 459 2940; x_wconf 87' lang='lat' dir='ltr'>vi</span> <span class='ocrx_word' id='word_1_359' title='bbox 479 2911 539 2951; x_wconf 70' lang='lat' dir='ltr'>qnfi</span> <span class='ocrx_word' id='word_1_360' title='bbox 561 2912 600 2942; x_wconf 81' lang='lat' dir='ltr'>ad</span> <span class='ocrx_word' id='word_1_361' title='bbox 626 2922 792 2943; x_wconf 89' lang='lat' dir='ltr'>commune</span> <span class='ocrx_word' id='word_1_362' title='bbox 816 2913 973 2953; x_wconf 79' lang='lat' dir='ltr'>gravitatis</span> <span class='ocrx_word' id='word_1_363' title='bbox 1013 2922 1084 2942; x_wconf 84' lang='lat' dir='ltr'>cum</span> <span class='ocrx_word' id='word_1_364' title='bbox 1101 2912 1156 2943; x_wconf 86' lang='lat' dir='ltr'>illo</span> <span class='ocrx_word' id='word_1_365' title='bbox 1170 2913 1322 2944; x_wconf 85' lang='lat' dir='ltr'>celeritate</span> <span class='ocrx_word' id='word_1_366' title='bbox 1342 2921 1510 2946; x_wconf 82' lang='lat' dir='ltr'>moveretur</span> <span class='ocrx_word' id='word_1_367' title='bbox 1529 2917 1720 2957; x_wconf 67' lang='lat' dir='ltr'>nuffar-miter</span> <span class='ocrx_word' id='word_1_368' title='bbox 1739 2918 1773 2948; x_wconf 76' lang='lat' dir='ltr'>in</span> <span class='ocrx_word' id='word_1_369' title='bbox 1798 2919 1845 2947; x_wconf 76' lang='lat' dir='ltr'>di-</span> 
     </span>
    </p>
   </div>
   <div class='ocr_carea' id='block_1_16' title="bbox 103 2952 1845 3038">
    <p class='ocr_par' dir='ltr' id='par_1_17' title="bbox 103 2952 1845 3038">
     <span class='ocr_line' id='line_1_37' title="bbox 142 2952 1845 3001; baseline 0.005 -18"><span class='ocrx_word' id='word_1_370' title='bbox 142 2959 283 2983; x_wconf 86' lang='lat' dir='ltr'>centrum</span> <span class='ocrx_word' id='word_1_371' title='bbox 302 2952 328 2982; x_wconf 94' lang='lat' dir='ltr'>C</span> <span class='ocrx_word' id='word_1_372' title='bbox 343 2959 502 3001; x_wconf 70' lang='lat' dir='ltr'>urgentur,</span> <span class='ocrx_word' id='word_1_373' title='bbox 525 2954 583 2984; x_wconf 82' lang='lat' dir='ltr'>erit</span> <span class='ocrx_word' id='word_1_374' title='bbox 602 2965 727 2995; x_wconf 89' lang='lat' dir='ltr'>quoque</span> <span class='ocrx_word' id='word_1_375' title='bbox 747 2955 793 2984; x_wconf 84' lang='lat' dir='ltr'>vis</span> <span class='ocrx_word' id='word_1_376' title='bbox 806 2955 846 2985; x_wconf 79' lang='lat' dir='ltr'>ad</span> <span class='ocrx_word' id='word_1_377' title='bbox 863 2956 889 2986; x_wconf 93' lang='lat' dir='ltr'>C</span> <span class='ocrx_word' id='word_1_378' title='bbox 904 2961 972 2985; x_wconf 87' lang='lat' dir='ltr'>ten-</span> <span class='ocrx_word' id='word_1_379' title='bbox 1013 2961 1137 2991; x_wconf 79' lang='lat' dir='ltr'>rectum,</span> <span class='ocrx_word' id='word_1_380' title='bbox 1155 2967 1210 2986; x_wconf 82' lang='lat' dir='ltr'>nec</span> <span class='ocrx_word' id='word_1_381' title='bbox 1223 2967 1287 2988; x_wconf 81' lang='grc' dir='ltr'>ποπ</span> <span class='ocrx_word' id='word_1_382' title='bbox 1300 2967 1458 2997; x_wconf 74' lang='lat' dir='ltr'>corporum</span> <span class='ocrx_word' id='word_1_383' title='bbox 1469 2963 1568 2990; x_wconf 74' lang='lat' dir='ltr'>motus</span> <span class='ocrx_word' id='word_1_384' title='bbox 1575 2960 1704 2991; x_wconf 74' lang='lat' dir='ltr'>initiales</span> <span class='ocrx_word' id='word_1_385' title='bbox 1713 2969 1845 3001; x_wconf 78' lang='lat' dir='ltr'>respectu</span> 
     </span>
     <span class='ocr_line' id='line_1_38' title="bbox 103 2994 1663 3038; baseline 0.001 -12"><span class='ocrx_word' id='word_1_386' title='bbox 103 3003 108 3005; x_wconf 66' lang='grc'>“</span> <span class='ocrx_word' id='word_1_387' title='bbox 142 2995 219 3026; x_wconf 84' lang='lat' dir='ltr'>dens</span> <span class='ocrx_word' id='word_1_388' title='bbox 232 3001 268 3025; x_wconf 82' lang='lat' dir='ltr'>ut</span> <span class='ocrx_word' id='word_1_389' title='bbox 281 3004 302 3035; x_wconf 78' lang='lat' dir='ltr'><strong>y</strong></span> <span class='ocrx_word' id='word_1_390' title='bbox 316 2994 351 3025; x_wconf 84' lang='lat'>¹¹¹.</span> <span class='ocrx_word' id='word_1_391' title='bbox 390 2995 439 3027; x_wconf 74' lang='lat' dir='ltr'>sn</span> <span class='ocrx_word' id='word_1_392' title='bbox 452 3004 536 3026; x_wconf 80' lang='lat' dir='ltr'>nuno</span> <span class='ocrx_word' id='word_1_393' title='bbox 548 2996 594 3028; x_wconf 81' lang='lat' dir='ltr'>vis</span> <span class='ocrx_word' id='word_1_394' title='bbox 607 2996 670 3038; x_wconf 65' lang='lat' dir='ltr'>qua</span> <span class='ocrx_word' id='word_1_395' title='bbox 679 3007 805 3037; x_wconf 77' lang='lat' dir='ltr'>corpora</span> <span class='ocrx_word' id='word_1_396' title='bbox 819 3007 852 3028; x_wconf 87' lang='lat' dir='ltr'>se</span> <span class='ocrx_word' id='word_1_397' title='bbox 862 2997 973 3028; x_wconf 76' lang='lat' dir='ltr'>mutuo</span> <span class='ocrx_word' id='word_1_398' title='bbox 1014 2998 1106 3038; x_wconf 74' lang='lat' dir='ltr'>hujus</span> <span class='ocrx_word' id='word_1_399' title='bbox 1120 3000 1215 3038; x_wconf 64' lang='lat' dir='ltr'>spatiz.</span> <span class='ocrx_word' id='word_1_400' title='bbox 1659 3012 1663 3013; x_wconf 29' lang='grc' dir='ltr'><em>ν</em></span> 
     </span>
    </p>
   </div>
  </div>
 </body>
</html>
