2086 3542
306 261 390 297 360
705 257 1154 303 PHILOSOPHIAE
1186 259 1547 302 NATURALIS
1634 258 1775 311 [Mor.
1798 250 2002 303 Comi.

300 384 376 424 per
395 372 744 426 compositionem,
767 374 872 426 vires
893 382 1071 416 totarum
1093 375 1401 429 superficierum
1431 373 1724 429 sphaericarum
1754 372 1801 414 in
1831 367 2001 429 corpiss-

299 441 392 483 cula
411 443 602 485 exercitae
622 452 743 486 erunt
760 444 804 486 in
825 444 968 487 eadem
989 445 1159 487 ratione.
1219 445 1274 495 Q.
1296 461 1332 488 e.
1352 445 1392 486 d.

514 631 888 675 PROPOSITIO
919 631 1117 674 LXXII.
1176 630 1534 674 THEOREMA
1565 628 1770 674 XXXII.

293 745 339 786 Si
357 745 413 785 ad
430 745 593 799 sphaerae
611 744 772 801 cujusvis
783 751 932 798 puncta
952 745 1107 799 singula
1127 746 1291 786 tendant
1311 746 1411 786 vires
1430 746 1597 799 cequales
1622 746 1844 800 centripetoe
1867 747 1996 788 decre-

346 821 488 856 scentes
508 815 550 856 in
571 814 772 868 duplicatc'i
791 815 945 855 ratione
964 815 1241 856 distantiarum
1261 830 1287 855 a
1299 817 1459 868 punctis
1471 837 1486 863 ,·
1518 831 1566 856 ac
1584 817 1696 857 detur
1723 823 1801 857 ium
1831 818 1996 871 sphaerae

346 887 532 935 densitas,
554 892 630 926 tum
649 886 757 926 ratio
776 885 961 926 diametri
978 885 1141 938 sphaerae
1159 886 1216 925 ad
1234 885 1464 926 distantiam
1479 886 1695 939 corpusculi
1706 900 1732 926 a
1744 892 1874 926 centro
1887 885 1967 941 qius
1978 904 1993 927 .-
2060 920 2064 927 ,

346 957 432 996 dico
451 957 554 1010 quod
572 955 630 997 vis
649 953 726 1010 qud
745 956 1003 1009 corpusculum
1022 955 1254 1006 attrahitur,
1277 956 1592 1009 proportionalis
1610 957 1686 998 erit
1713 956 1994 999 semidiametro

344 1027 519 1080 sphaerae.

347 1139 457 1181 Nam
477 1139 647 1193 concipe
667 1137 910 1193 corpuscula
929 1138 1013 1180 duo
1033 1138 1205 1181 seorsim
1219 1153 1245 1180 a
1260 1137 1498 1194 (1)sphaeris
1510 1139 1671 1181 duabus
1686 1139 1848 1189 attrahi,
1864 1152 1993 1182 unum

288 1207 340 1251 ab
359 1209 441 1251 una
462 1217 504 1251 et
523 1209 697 1251 alterum
717 1209 769 1251 ab
789 1208 930 1260 altera,
953 1217 995 1251 et
1013 1209 1224 1251 distantias
1244 1224 1387 1251 eorum
1407 1225 1432 1252 a
1451 1210 1707 1264 sphaerarum
1727 1210 1877 1252 centris
1895 1225 1992 1266 pro-

285 1279 535 1335 portionales
556 1294 646 1321 esse
664 1279 874 1321 diametris
895 1279 1149 1334 sphaerarum
1169 1279 1408 1335 respective,
1432 1280 1615 1335 sphaeras
1636 1288 1771 1322 autem
1786 1281 1934 1322 resolvi
1948 1281 1991 1323 in

285 1351 506 1407 particulas
527 1352 678 1394 similes
699 1361 740 1394 et
760 1352 945 1394 similiter
963 1352 1118 1408 positas
1138 1352 1191 1394 ad
1211 1352 1466 1407 corpuscula.
1528 1352 1584 1394 Et
1613 1353 1872 1394 attractiones
1901 1367 1991 1394 cor-

285 1425 444 1480 pusculi
463 1424 599 1475 unius,
620 1423 740 1466 factae
759 1439 901 1466 versus
923 1424 1104 1480 singulas
1123 1423 1345 1479 particulas
1366 1422 1543 1478 sphaerae
1562 1423 1696 1474 unius,
1719 1431 1839 1465 erunt
1858 1423 1910 1465 ad
1930 1431 1993 1466 at-

285 1495 506 1537 tractiones
526 1494 692 1537 alterius
715 1508 854 1536 versus
875 1494 1068 1551 analogas
1089 1493 1259 1536 totidem
1288 1493 1509 1548 particulas
1538 1492 1712 1548 sphaeroe
1739 1493 1918 1545 alterius,
1947 1494 1992 1535 in

286 1565 444 1606 ratione
452 1563 677 1619 composite
691 1578 744 1605 ex
758 1564 916 1605 ratione
929 1563 1222 1619 particularum
1235 1562 1388 1604 directe
1396 1570 1438 1604 et
1449 1563 1607 1604 ratione
1619 1562 1824 1617 duplicata
1838 1563 1992 1606 distan—

285 1637 434 1680 tiarum
447 1636 621 1679 inverse.
655 1637 738 1679 Sed
756 1636 969 1692 particulae
990 1643 1086 1678 sunt
1104 1643 1152 1678 ut
1171 1635 1358 1690 sphaerae,
1376 1635 1456 1676 hoc
1469 1643 1543 1685 est,
1560 1635 1603 1675 in
1618 1635 1777 1677 ratione
1789 1635 1991 1690 triplicata

286 1709 592 1760 diametrorum,
611 1716 651 1750 et
671 1708 876 1750 distantioe
896 1716 991 1750 sunt
1009 1716 1056 1750 ut
1076 1708 1264 1750 diametri
1275 1723 1287 1757 3
1309 1715 1351 1749 et
1370 1707 1474 1749 ratio
1492 1707 1608 1762 prior
1627 1707 1781 1749 directe
1800 1707 1883 1749 unzi
1897 1723 1991 1750 cum

284 1781 442 1822 ratione
455 1781 683 1836 posteriore
702 1780 764 1821 bis
783 1778 943 1821 inverse
964 1787 1026 1821 est
1045 1779 1149 1820 ratio
1169 1778 1359 1819 diametri
1378 1778 1432 1818 ad
1452 1768 1711 1819 diametrum.
1762 1779 1819 1827 Q.
1841 1794 1876 1820 e.
1897 1779 1937 1820 d.

344 1854 472 1894 Corol.
498 1859 533 1894 1.
558 1853 674 1894 Hi-nc
694 1852 727 1893 si
746 1851 987 1906 corpuscula
1006 1851 1048 1891 in
1062 1850 1235 1900 circulis,
1253 1850 1361 1890 circa
1374 1849 1556 1904 sphaeras
1573 1863 1625 1890 ex
1640 1849 1810 1891 materia
1823 1851 1990 1906 aequali-

284 1932 346 1966 ter
361 1924 571 1966 attractiva
586 1931 830 1974 constantes,
842 1923 1104 1964 revolvantur
1109 1937 1121 1972 3
1143 1923 1304 1977 sintque
1320 1921 1522 1962 distantiae
1535 1936 1560 1962 a
1571 1921 1721 1962 centris
1734 1921 1990 1976 sphaerarum

283 1993 610 2049 proportionales
631 1992 868 2034 earumdem
887 1991 1119 2033 diametris:
1143 1990 1353 2045 Tempora
1371 1990 1581 2044 periodica
1601 1998 1722 2032 erunt
1744 1992 1930 2047 aequalia.

339 2065 466 2106 Corol.
489 2070 528 2106 2.
551 2064 608 2105 Et
641 2064 730 2105 vice
757 2062 889 2112 versa,
922 2062 957 2104 si
985 2070 1172 2116 tempora
1199 2059 1409 2115 periodica
1443 2068 1537 2102 sunt
1562 2060 1748 2117 aequalia,
1784 2061 1988 2106 distantiae

284 2143 405 2176 erunt
422 2134 751 2190 proportionales
772 2133 994 2175 diametris.
1057 2133 1260 2174 Constant
1278 2131 1368 2173 haec
1397 2131 1482 2174 duo
1509 2146 1585 2187 per
1616 2133 1756 2175 Corol.
1789 2140 1828 2176 3.
1859 2134 1986 2191 Prop.

283 2205 361 2247 1v.
1986 2192 2036 2200 “

342 2276 470 2317 Οονοῖ.
494 2282 534 2317 3.
565 2275 610 2317 Si
638 2275 692 2316 ad
722 2274 948 2317 solidorum
977 2274 1153 2315 duorum
1188 2274 1435 2329 quorumvis,
1473 2274 1665 2315 similium
1699 2282 1740 2316 et
1773 2277 1986 2332 aequaliter

282 2347 519 2398 densorum,
540 2355 692 2402 puncta
713 2346 875 2403 singula
894 2345 1064 2387 tendant
1084 2345 1190 2387 vires
1221 2345 1399 2401 aequales
1429 2345 1667 2400 centripetae
1698 2345 1983 2392 decrescentes

280 2420 324 2460 in
344 2418 549 2474 duplicata
570 2419 727 2459 ratione
747 2417 1031 2460 distantiarum
1052 2431 1077 2457 a
1105 2416 1267 2470 punctis
1279 2431 1291 2465 3
1321 2416 1439 2466 vires,
1472 2416 1619 2471 quibus
1649 2418 1905 2471 corpuscula,
1928 2419 1981 2474 (⁸)

281 2489 335 2530 ad
355 2489 486 2531 solida
503 2489 574 2530 illa
593 2489 677 2529 duo
707 2488 893 2529 similiter
913 2487 1002 2537 sita,
1034 2485 1289 2528 attrahentur
1318 2486 1370 2527 ab
1399 2486 1556 2537 iisdem,
1580 2495 1702 2529 erunt
1729 2488 1784 2529 ad
1803 2488 1979 2531 invicem

280 2567 327 2600 ut
345 2557 532 2601 diametri
553 2558 788 2600 solidorum.

325 2685 372 2727 (Υ)
396 2688 414 2705 ⁸
438 2686 469 2716 A
482 2686 603 2726 sphaeris
611 2686 727 2716 duabus
738 2683 943 2724 homogeneis,
956 2682 1107 2723 ejusdem·
1193 2684 1264 2713 517.
1291 2683 1449 2714 Sokolium.
1498 2681 1585 2712 Hinc
1609 2682 1634 2711 ai
1657 2682 1836 2724 hujusmodi
1859 2684 1977 2724 epham

282 2738 343 2768 que
357 2727 512 2758 densitatis
530 2726 574 2758 ite
594 2725 706 2766 nempe
728 2732 764 2756 ut
788 2727 844 2755 sub
868 2724 1033 2765 aequalibus
1055 2734 1107 2754 vo-
1149 2733 1203 2762 per
1216 2729 1355 2754 centrum
1370 2723 1547 2763 perforetur,
1572 2722 1701 2764 aequalia
1723 2731 1815 2756 erunt
1837 2731 1976 2766 tempora

282 2770 451 2800 luminibus
476 2769 608 2810 aequales
632 2768 767 2798 materiae
789 2767 972 2808 quantitates
992 2766 1107 2805 ubique
1148 2765 1262 2802 omnia,
1276 2766 1388 2806 quibus
1401 2775 1510 2804 corpus
1524 2765 1563 2795 de
1577 2765 1650 2795 locis
1663 2766 1819 2805 quibusvis
1840 2766 1883 2798 ad
1903 2778 1975 2800 een.

283 2812 504 2847 contineantur,
522 2817 553 2842 et
566 2811 611 2841 vis
624 2810 762 2841 absoluta
776 2810 928 2840 attrahens
938 2809 977 2839 sit
987 2817 1106 2846 semper
1146 2814 1230 2837 trum
1255 2818 1352 2848 usque
1377 2807 1467 2842 cadit,
1493 2808 1561 2851 (per
1577 2807 1647 2837 Cor.
1677 2811 1706 2837 2.
1734 2809 1825 2848 Prop.
1847 2810 1918 2850 38.)
1944 2817 1976 2843 et

280 2859 317 2883 ut
330 2854 482 2893 quantitas
495 2853 638 2884 materiae,
1147 2849 1397 2889 corpusculorum
1411 2849 1443 2878 in
1458 2848 1631 2888 hujusmodi
1657 2850 1774 2888 sphaeris
1797 2861 1851 2890 per
1875 2852 1974 2892 spati·

322 2895 371 2936 (Ζ)
395 2898 412 2915 ·
436 2897 488 2927 Aa
503 2897 593 2927 solida
611 2897 661 2926 illa
683 2896 742 2926 duo
762 2895 897 2925 similiter
915 2893 980 2927 sita.
1006 2890 1050 2922 ite
1070 2897 1107 2922 ut
1146 2891 1241 2921 libera
1265 2891 1393 2921 nfinime
1416 2890 1635 2920 revolventium
1659 2897 1796 2931 tempora
1819 2891 1973 2933 pciodica

280 2935 430 2967 distantiae
451 2937 698 2976 corpusculorum
725 2947 744 2966 a
767 2935 916 2966 similibus
937 2933 1104 2965 solidorum
1146 2938 1236 2963 erunt
1258 2933 1386 2972 aequalia
1412 2934 1479 2973 (per
1496 2933 1566 2962 Cor.
1586 2937 1618 2976 3⁶.
1636 2933 1728 2973 Prop.
1748 2935 1796 2975 4.)
1817 2942 1909 2984 atque
1928 2936 1972 2968 ad

279 2977 412 3008 duorum
427 2979 581 3018 particulis
595 2980 655 3010 sint
669 2985 704 3010 ut
725 2987 831 3009 eorum
852 2976 1018 3008 solidorum
1038 2975 1103 3006 dia-
1146 2975 1237 3015 hujus
1250 2974 1369 3014 generis
1389 2974 1536 3013 sphaeram
1557 2975 1711 3014 pertinent
1732 2986 1801 3016 quae
1823 2987 1856 3008 ιιι
1871 2977 1967 3018 Prop.

280 3020 377 3051 metri.
1147 3019 1197 3048 51.
1216 3020 1265 3047 52.
1284 3016 1435 3057 hujusque
1453 3016 1627 3048 Corollariis
1642 3017 1848 3051 demonstrata
1861 3026 1942 3052 sunt.
