2086 3542
176 284 323 327 Limia
345 283 567 336 Pinnos]
642 282 964 325 PRINCIPIA
995 281 1491 326 MATHEMATICA.
1798 293 1882 332 277

167 413 315 441 namus
348 399 431 441 vim
461 398 575 440 illam
608 406 848 440 extraneam
882 413 970 440 esse
1001 401 1155 442 357.45
1194 397 1382 452 partibus
1420 399 1625 441 minorem
1657 416 1780 457 quam
1821 402 1883 444 vis

171 471 301 514 altera
318 470 398 528 qua
417 485 566 526 corpus
585 470 809 512 revolvitur
828 471 872 512 in
892 470 1039 526 ellipsi,
1060 470 1105 511 id
1125 472 1186 512 est
1205 485 1228 511 c
1247 485 1337 512 esse
1356 470 1501 524 3333,
1523 473 1724 516 existente
1755 476 1796 517 A
1815 476 1882 518 vel

747 549 764 584 1
789 567 847 575 -
866 556 890 584 c

720 616 735 650 l
762 636 820 643 —
839 617 865 652 4
886 625 910 652 c

166 691 242 735 est,
268 689 347 726 180
366 699 431 741 gr.
453 690 508 727 45
528 698 587 727 m.
610 690 665 725 44
686 698 718 725 s.
781 683 916 740 Igitur
931 697 1080 738 corpus
1098 682 1152 724 de
1172 683 1314 738 apside
1333 683 1492 726 summa
1512 684 1743 737 discedens,
1764 695 1880 730 motu

166 755 355 812 angulari
379 762 459 798 180
479 771 543 813 gr.
565 762 619 798 45
640 770 695 797 m.
717 761 773 797 44·
795 770 827 796 s.
857 755 1069 810 perveniet
1099 755 1153 796 ad
1186 755 1372 810 apsidem
1401 756 1540 808 imam,
1576 765 1619 799 et
1651 757 1733 800 hoc
1764 768 1880 802 motu

164 827 376 883 duplicato
395 828 449 869 ad
470 828 654 883 apsidem
674 841 874 868 summam
896 826 1068 868 redibit:
1100 826 1275 883 ideoque
1296 827 1403 882 apsis
1422 842 1584 870 summa
1613 829 1784 887 singulis
1814 846 1879 873 re-

161 900 439 942 volutionibus
458 900 765 958 progrediendo
786 899 979 941 conficiet
1013 905 1030 940 1
1055 914 1118 956 gr.
1141 906 1190 942 31
1216 914 1272 940 m.
1304 906 1358 942 28
1381 915 1459 943 sec.
1521 902 1647 958 Apsis
1676 903 1788 945 lunae
1817 912 1878 947 est

162 973 292 1029 duplo
310 973 492 1015 velocior
511 973 687 1014 circiter.
732 1024 735 1027 Δ

221 1046 439 1089 Hactenus
458 1046 512 1088 de
531 1054 649 1087 motu
669 1059 893 1101 corporum
911 1045 956 1085 in
976 1044 1147 1087 orbibus
1167 1059 1343 1101 quorum
1362 1047 1488 1102 plana
1505 1062 1582 1103 per
1602 1056 1790 1107 centrum
1818 1049 1878 1090 vi-

159 1119 270 1161 rium
289 1127 516 1162 transeunt.
579 1120 776 1175 Superest
802 1126 849 1159 ut
867 1126 1006 1160 motus
1026 1117 1149 1159 etiam
1168 1118 1490 1162 determinemus
1510 1121 1554 1162 in
1573 1121 1707 1176 planis
1727 1137 1879 1164 excen-

158 1193 285 1234 tricis.
345 1193 457 1235 Nam
476 1192 694 1248 scriptores
714 1192 786 1249 qui
815 1200 975 1233 motum
1004 1191 1191 1248 gravium
1225 1199 1416 1243 tractant,
1453 1194 1715 1237 considerare
1746 1195 1880 1237 solent

158 1280 350 1308 ascensus
370 1273 411 1308 et
430 1266 652 1308 descensus
672 1265 920 1321 ponderum,
942 1272 1027 1306 tam
1046 1263 1236 1320 obliquos
1257 1265 1301 1306 in
1320 1265 1454 1321 planis
1475 1267 1789 1324 quibuscunque
1805 1268 1878 1309 da-

157 1337 223 1388 tis,
247 1352 372 1394 quam
390 1338 776 1393 perpendiculares:
809 1346 850 1379 et
868 1336 960 1392 pari
983 1337 1078 1392 jure
1108 1345 1245 1378 motus
1273 1352 1494 1393 corporum
1523 1340 1679 1381 viribus
1709 1340 1879 1397 quibus-

158 1423 321 1465 cunque
341 1417 483 1450 centra
501 1410 743 1464 petentium,
766 1417 807 1450 et
825 1408 960 1463 planis
975 1408 1218 1449 excentricis
1239 1408 1503 1452 innitentium
1522 1410 1590 1452 hic
1610 1412 1878 1454 consideran-

157 1480 236 1521 dus
255 1480 380 1522 venit.
442 1480 574 1522 Plana
592 1489 730 1523 autem
751 1480 1021 1536 supponimus
1042 1494 1128 1521 esse
1157 1479 1400 1535 politissima
1431 1490 1473 1524 et
1502 1483 1689 1525 absolute
1718 1484 1878 1527 lubrica

158 1566 213 1593 ne
234 1566 410 1607 corpora
429 1553 651 1595 retardent.
714 1553 927 1603 Quinimo,
948 1552 992 1592 in
1012 1551 1076 1593 his
1096 1551 1527 1606 demonstrationibus,
1549 1556 1637 1598 vice
1656 1557 1875 1612 planorum

160 1624 310 1680 quibus
332 1640 508 1681 corpora
527 1627 771 1668 incumbunt
791 1640 966 1682 quaeque
986 1632 1162 1682 tangimt
1180 1625 1471 1679 incumbendo,
1488 1643 1735 1684 usurpamus
1753 1631 1877 1685 plana

158 1694 224 1737 his
243 1696 454 1753 parallela,
477 1698 521 1739 in
550 1699 699 1753 quibus
737 1706 878 1739 centra
904 1711 1126 1751 corporum
1157 1700 1375 1740 moventur
1409 1708 1451 1741 et
1484 1701 1639 1743 orbitas
1669 1704 1876 1745 movendo

158 1766 409 1810 describunt.
467 1768 527 1810 -Et
547 1768 691 1811 eadem
713 1769 805 1826 lege
825 1776 961 1810 motus
980 1781 1204 1823 corporum
1233 1769 1277 1810 in
1304 1771 1599 1826 superficiebus
1628 1775 1761 1816 curvis
1780 1790 1875 1831 per-

158 1847 272 1882 actos
294 1840 470 1883 subinde
490 1840 825 1883 determinamus.

170 585 378 643 Taequali
402 592 439 637 l,
470 595 513 628 et
536 591 616 628 180
646 586 688 627 V
929 583 1075 626 evadet
1110 590 1190 627 180
1231 593 1274 634 ν
1297 583 1442 637 Q,
1473 600 1547 627 seu
1580 591 1803 639 18o.7623,
1834 590 1879 630 id

158 1969 998 2015 czflaTmbzm—14Tnczfl—uetpo-
1044 1951 1864 2017 =z⁹,acy=z⁹÷³‚dy=de‡(p÷3

159 2011 633 2052 nend02=r=1‚GG2
662 2016 689 2046 F
719 2016 746 2046 F
770 2016 918 2058 =b÷
942 2026 994 2047 c:
1048 2013 1752 2058 ><z¹¹²÷.²dz‚Q=(i›-l-5)><2¹’÷²·
1792 2019 1881 2050 Hinc

158 2055 998 2097 inb-1·nc,·utinexemplistertiisNewtonusin-
1049 2056 1134 2086 G2:
1157 2057 1875 2102 F²=m²zn²=z¹²÷³;(p÷3)><
1928 2066 1931 2068 ’

160 2096 254 2127 venit.
303 2098 350 2128 Sit
365 2109 450 2129 nunc
465 2099 537 2130 data
550 2100 628 2130 ratio
647 2100 678 2131 G
700 2100 741 2131 ad
764 2101 800 2138 F,
827 2111 939 2140 nempe
964 2111 998 2131 m
1046 2097 1077 2127 T
1090 2108 1107 2127 z
1123 2098 1138 2117 Ρ
1154 2100 1186 2130 ÷
1196 2101 1222 2137 ²,
1237 2101 1297 2131 hoc
1311 2106 1366 2138 est,
1382 2101 1526 2140 ponendo
1540 2113 1557 2132 z
1571 2115 1618 2131 =
1634 2101 1664 2133 T
1674 2115 1720 2132 =
1736 2107 1762 2140 1,
1780 2114 1811 2133 m
1822 2114 1852 2133 m
1866 2117 1873 2135 ς

160 2138 202 2169 ad
217 2149 248 2175 n,
265 2146 296 2170 et
309 2140 355 2170 vis
369 2141 538 2181 centripeta
551 2142 590 2173 sit
602 2148 640 2173 ut
654 2142 789 2183 dignitas
809 2143 912 2184 aliqua
933 2153 998 2174 non
1552 2153 1574 2172 n
1589 2153 1611 2172 ¹1

161 2180 235 2212 data
249 2182 421 2214 mitudinis
434 2194 460 2220 2,
477 2184 562 2215 iuius
582 2184 742 2226 dignitatis
762 2186 856 2217 index
877 2186 998 2217 dicatur
1041 2173 1063 2193 ¹¹
1076 2173 1099 2193 ¹²
1113 2176 1159 2193 =
1177 2167 1191 2195 ¹
1210 2176 1219 2195 ²
1237 2175 1258 2205 P
1272 2167 1317 2209 '¹'
1328 2170 1361 2205 ³²
1375 2167 1468 2209 “⁹¹¹3
1481 2168 1525 2199 ἰῶ
1537 2206 1571 2225 m
1592 2206 1625 2225 m
1638 2181 1684 2199 ²
1699 2180 1721 2210 Ρ
1735 2170 1779 2213 ÷
1795 2175 1827 2208 δ’
1840 2177 1873 2201 9*

160 2259 193 2289 p,
208 2249 309 2293 sitque
330 2251 409 2283 adeo
430 2252 477 2284 vis
497 2252 665 2294 centripeta
689 2260 725 2286 ut
749 2265 766 2285 z
781 2255 807 2293 Ρ,
829 2260 860 2286 et
878 2255 936 2286 erit
950 2239 998 2313 ἐξ
1039 2241 1126 2316 ᾖ
1141 2276 1184 2284 -
1196 2263 1218 2291 :3
1232 2273 1277 2291 =
1292 2270 1323 2300 p,
1339 2262 1421 2294 utin
1439 2262 1510 2293 Cor.
1533 2267 1560 2294 1.
1577 2269 1733 2304 repertum
1748 2269 1804 2295 est.

982 3111 1046 3144 SS
