2086 3542
209 248 264 284 66
627 226 1075 277 PHILOSOPHIAE
1111 223 1471 268 NATURALIS
1547 219 1696 270 [Mor.
1717 217 1918 260 Conon.

207 354 415 413 triangulo
449 353 479 395 S
500 351 538 394 B
558 365 595 402 c,
627 357 750 406 atque
778 344 873 388 ideo
902 343 1026 385 etiam
1055 340 1264 398 triangulo
1286 340 1316 382 S
1337 339 1378 381 A
1399 338 1450 380 B.
1511 333 1643 398 Simili
1675 337 1920 388 argumento

209 428 244 470 si
261 428 321 469 vis
341 423 566 479 centripeta
585 414 808 462 successive
828 421 924 472 agat
941 412 986 454 in
1008 410 1058 462 C,
1090 411 1149 462 D,
1182 410 1233 462 E,
1264 411 1338 453 διο.
1368 407 1520 450 faciens
1539 412 1587 447 ut
1606 417 1755 458 corpus
1775 401 1917 457 singu-

203 499 254 540 lis
284 494 479 551 temporis
511 489 721 548 particulis
754 483 934 542 singulas
963 480 1170 523 describat
1199 488 1331 522 rectas
1365 480 1402 522 C
1434 479 1493 529 D,
1523 476 1568 519 D
1602 474 1655 525 E,
1688 472 1727 514 E
1761 472 1810 522 F,
1840 471 1917 512 &c-

201 568 399 626 jwcebunt
416 565 485 606 hae
513 576 655 605 omnes

210 639 256 680 in
276 635 422 679 eodem
440 636 582 692 plan03
615 640 657 673 et

215 705 466 763 triangulum
484 704 524 746 >S
554 702 590 743 C
610 702 655 744 D

217 774 422 831 triangulo
465 773 494 814 S
530 771 567 812 Β
603 770 653 820 C,

225 841 413 884 etSDE
429 836 662 894 ipsiSCD‚

225 921 266 955 et
325 913 356 954 S
406 911 444 953 E
493 909 528 952 F
582 908 662 963 ipsi

223 977 253 1018 S
274 976 318 1017 D
333 974 371 1015 E
391 972 548 1029 aequale
567 972 656 1015 erit.

223 1043 469 1101 AEqualibus
533 1041 660 1098 igitur

221 1111 474 1168 temporibus
522 1124 661 1167 aequa-

222 1183 282 1224 les
318 1194 426 1222 areae
458 1179 503 1219 in
536 1178 662 1232 plano

222 1249 395 1289 immoto
423 1245 661 1287 describun-

223 1326 308 1358 tur:
340 1322 382 1357 et
411 1328 663 1370 componen-
792 1360 805 1372 ἢ
953 1365 958 1370 ¹

220 1386 289 1437 do,
331 1391 427 1427 sunt
475 1398 663 1425 arearum
708 1383 825 1442 ,ἵζε
898 1369 950 1431 2⁵¹¹?

226 1469 398 1498 summae
446 1453 599 1510 quaevis
817 1439 831 1446 ’Δ

226 1526 257 1567 S
278 1525 320 1567 A
340 1525 384 1567 D
404 1525 446 1575 S,
471 1525 501 1567 S
523 1525 563 1566 A
581 1524 617 1566 F
640 1526 670 1568 S
700 1525 807 1567 inter
827 1542 883 1579 se,
916 1537 964 1572 ut
994 1540 1089 1574 sunt
1122 1540 1310 1588 tempora
1328 1524 1664 1588 descriptionum.
1723 1532 1939 1588 Augeatur

224 1598 314 1653 jam
332 1610 528 1637 numerus
549 1601 591 1637 et
618 1595 827 1639 minuatur
860 1598 1033 1643 latitudo
1063 1603 1363 1661 triangulorum
1395 1604 1440 1645 in
1467 1604 1673 1646 infinitum
1680 1618 1692 1654 ;
1722 1611 1764 1645 et
1798 1616 1941 1644 eorum

232 1667 377 1713 ultima
395 1666 616 1722 perimeter
650 1667 690 1707 A
711 1668 755 1709 D
778 1668 825 1719 F,
858 1673 950 1725 (per
972 1672 1247 1716 Corollarium
1267 1682 1456 1732 quartum
1477 1674 1703 1716 Lemmatis
1721 1672 1847 1725 tertii)
1868 1672 1945 1714 erit

232 1739 343 1780 linea
375 1752 518 1779 curva:
558 1735 733 1793 ideeque
752 1738 810 1781 vis
831 1742 1068 1798 centn‘peta,
1103 1743 1182 1801 que
1217 1759 1365 1801 corpus
1386 1743 1410 1786 e
1431 1753 1626 1802 tangente
1655 1743 1776 1799 hujus
1806 1757 1943 1784 curvae

233 1807 434 1865 perpetue
465 1807 699 1859 retrahitur,
731 1818 826 1866 aget
855 1811 1147 1865 indesinenter3
1177 1826 1286 1857 areae'
1306 1814 1404 1857 vere
1436 1815 1588 1872 quaevis
1608 1815 1827 1869 descriptae
1850 1814 1880 1855 S
1901 1813 1942 1854 A

238 1878 283 1923 D
306 1882 350 1931 S,
383 1881 416 1924 S
435 1880 477 1927 A
498 1880 533 1922 F
555 1881 586 1922 S
619 1881 871 1944 temporibus
905 1882 1226 1939 descriptionum
1260 1901 1422 1942 semper
1453 1885 1793 1942 proportionales
1824 1891 1946 1925 erunt

238 1951 386 1994 iisdem
405 1951 658 2006 temporibus
678 1951 722 1992 in
741 1951 821 1994 hoc
837 1967 932 1995 casu
950 1956 1292 2011 proportionales.
1352 1957 1408 2006 Q.
1430 1971 1465 1998 e.
1487 1956 1528 1998 d.

300 2022 429 2064 Corol.
463 2027 498 2064 1.
530 2021 738 2064 velocitas
759 2024 942 2079 corporis
971 2025 1014 2068 in
1035 2033 1223 2068 centrum
1250 2026 1460 2069 immobile
1480 2025 1643 2069 attracti
1662 2033 1725 2067 est
1742 2025 1787 2066 in
1806 2023 1949 2080 spatiis

241 2109 327 2136 non
345 2094 624 2136 resistentibus
639 2095 847 2154 reciproce
866 2103 914 2138 ut
932 2098 1274 2153 perpendiculum
1292 2097 1317 2139 εὶ
1337 2106 1479 2140 centro
1497 2098 1570 2139 illo
1583 2097 1627 2138 in
1647 2096 1758 2138 orbis
1777 2102 1950 2152 tangen-

244 2173 328 2207 tem
346 2164 598 2207 rectilineam
618 2165 854 2208 demissum.
913 2168 986 2224 (b)
1019 2169 1095 2211 Est
1123 2170 1235 2212 enim
1252 2169 1445 2211 velocitas
1459 2168 1504 2210 in
1521 2168 1623 2210 locis
1643 2166 1722 2208 illis
1744 2167 1798 2217 A,
1821 2165 1873 2216 Β,
1897 2164 1948 2215 C,

244 2236 303 2286 D,
341 2235 392 2287 E,
425 2242 472 2277 ut
503 2244 598 2278 sunt
626 2236 745 2278 bases
776 2237 996 2294 aequalium
1025 2239 1325 2297 triangulorum
1357 2240 1399 2281 A
1419 2239 1471 2290 B,
1506 2239 1544 2281 B
1580 2239 1630 2289 C,
1668 2237 1705 2279 C
1738 2237 1796 2287 D,
1829 2236 1875 2278 D
1896 2235 1949 2286 Ε»

247 2305 285 2347 Ε
307 2305 359 2356 F;
392 2313 433 2348 et
451 2304 518 2347 hae
537 2307 656 2349 bases
676 2315 771 2349 sunt
789 2308 997 2364 reciproce
1017 2317 1064 2352 ut
1081 2310 1376 2367 perpendicula
1394 2310 1437 2351 in
1457 2310 1566 2365 ipsas
1586 2308 1775 2350 demissa.

308 2377 437 2418 Corol.
461 2382 499 2418 2.
539 2377 583 2419 Si
603 2391 773 2419 arcuum
793 2378 971 2421 duorum
991 2381 1216 2437 aequalibus
1236 2379 1487 2436 temporibus
1506 2379 1552 2422 in
1572 2377 1711 2434 spatiis
1730 2392 1816 2418 non
1835 2375 1954 2418 resis-

249 2447 427 2489 tentibus
461 2447 513 2488 ab
548 2447 694 2490 eodem
729 2463 901 2504 corpore
936 2450 1160 2493 successive
1195 2451 1491 2505 descriptorum
1522 2448 1689 2490 chordae
1719 2449 1760 2490 A
1782 2448 1832 2498 B,
1856 2447 1895 2490 B
1917 2446 1959 2488 C*

248 2517 531 2573 compleantur
549 2517 594 2559 in
612 2518 1042 2577 parallelogrammum
1062 2522 1103 2563 A
1125 2522 1162 2564 B
1185 2522 1221 2564 C
1243 2521 1300 2572 U,
1329 2528 1370 2562 et
1387 2520 1509 2576 hujus
1530 2519 1755 2577 diagonalis
1779 2519 1816 2561 B
1846 2517 1890 2560 U
1909 2517 1953 2558 in

251 2587 297 2628 ee
317 2588 519 2643 positione
532 2603 654 2644 quam
669 2589 813 2631 ultime>
832 2590 956 2632 habet
975 2591 1045 2632 ubi
1057 2605 1174 2633 arcus
1187 2591 1246 2632 illi
1265 2591 1308 2632 in
1322 2591 1528 2632 infinitum
1541 2590 1835 2639 diminuuntur,
1855 2602 1953 2643 pro-

254 2657 428 2700 ducatur
447 2658 638 2714 utrinque
644 2674 656 2708 ;
688 2662 702 2714 (
719 2659 764 2711 e)
794 2660 983 2702 transibit
1002 2661 1145 2702 eadem
1163 2674 1240 2716 per
1259 2668 1446 2702 centrum
1465 2661 1624 2702 virium.

311 2729 439 2771 Cor-ol.
472 2735 510 2771 3.
544 2729 589 2771 Si
608 2743 777 2771 arcuum
811 2730 1035 2787 aequalibus
1066 2731 1317 2786 temporibus
1352 2731 1396 2773 in
1415 2731 1553 2786 spatiis
1573 2744 1657 2772 non
1676 2727 1956 2771 resistentibus

303 2923 362 2965 (b)
388 2926 456 2954 172.
479 2924 538 2955 Est
551 2924 634 2955 enim
662 2923 804 2955 velocitas
817 2924 851 2955 in
875 2925 949 2956 locis
968 2925 1030 2956 iilis
1046 2927 1088 2963 A,
1130 2926 1209 2957 lium
1237 2932 1340 2957 autem
1368 2925 1594 2966 triangulorum
1621 2927 1707 2957 bases
1735 2932 1808 2957 sunt
1827 2927 1958 2967 recipro-

260 2966 298 3002 B,
324 2965 360 3002 C,
386 2966 429 3002 D,
455 2966 495 3002 E,
518 2972 553 2996 ut
566 2972 640 2997 sunt
662 2967 749 2997 bases
773 2967 938 3008 aequalium
952 2968 1090 3008 triangu-
1131 2968 1166 2999 ce
1190 2974 1227 2999 ut
1254 2978 1361 2999 eorum
1389 2968 1574 3004 altitudines,
1599 2968 1657 2998 hoc
1679 2974 1734 3005 est,
1749 2968 1902 3009 reciproce
1922 2975 1960 3001 ut

260 3007 362 3037 lorum
380 3007 409 3037 Α
429 3007 467 3043 Β,
495 3008 522 3037 Β
541 3008 577 3044 C,
592 3009 629 3057 ‘C
644 3009 687 3046 D,
711 3010 743 3039 D
756 3009 797 3046 E,
823 3009 851 3039 E
867 3010 902 3047 F,
925 3010 1091 3051 aequalibus
1132 3010 1350 3050 perpendicula
1362 3020 1399 3041 ex
1415 3016 1518 3041 centro
1531 3010 1643 3040 virium
1672 3011 1703 3048 S,
1732 3011 1765 3040 in
1793 3013 1878 3042 bases
1905 3010 1960 3042 de-

260 3051 446 3090 temporibus
457 3050 601 3080 uniformi
616 3056 703 3082 motu
728 3051 885 3092 descriptae
901 3052 944 3091 (⁵)
958 3065 967 3090 ς
991 3063 1091 3094 aequa-
1133 3053 1234 3084 missa.
1281 3053 1363 3083 Cum
1378 3051 1472 3093 igitur
1486 3052 1733 3083 evanescentibus
1753 3053 1913 3096 triangulis
