2086 3542
640 253 1086 298 PHILOSOPHIAE
1118 253 1478 297 NATURALIS

255 267 308 310 32
319 268 336 303 ιι
1574 253 1716 306 [Mor.
1740 253 1942 296 Comma.

293 370 427 413 Sunili
446 378 691 428 argumento
709 383 883 427 pergere
902 369 998 411 licet
1018 368 1071 410 ad
1091 383 1209 411 casus
1231 369 1362 426 magis
1382 370 1631 425 compositos
1661 369 1704 411 in
1723 368 1943 411 infinitum.

299 442 427 483 Corol.
461 448 497 483 1.
542 442 594 497 (ἀ)
625 442 677 484 In
708 455 806 484 casu
837 441 1033 491 secundo,
1069 455 1154 496 quo
1187 440 1358 496 propius
1388 441 1546 483 accedit
1579 455 1727 497 corpus
1761 440 1947 484 omnium

239 512 469 555 maximum
488 513 542 555 ad
562 521 740 569 systema
759 513 938 554 duorum
957 512 1023 554 vel
1042 512 1238 567 plurium,
1261 527 1312 554 eo
1339 514 1471 570 magis
1505 513 1783 556 turbabuntur
1809 520 1948 555 motus

238 586 419 642 partium
439 587 666 644 systematis
686 587 792 628 inter
813 601 882 635 se3
914 594 1134 640 propterea
1153 585 1269 641 quod
1297 585 1500 627 linearum
1520 601 1546 627 a
1564 599 1738 641 corpore
1766 585 1949 627 maximo

239 657 293 699 ad
312 657 387 700 has
408 658 625 700 ductarum
650 659 739 714 jam
757 657 890 713 major
909 663 974 698 est
1000 656 1211 698 inclinatio
1227 656 1280 698 ad
1309 657 1498 708 invicem,
1530 657 1742 714 majorque
1771 670 1948 713 propor-

239 728 363 771 tionis
382 728 652 785 inoequalitas.

301 801 430 842 Corol.
462 806 502 842 2.
535 798 724 842 Maxime
745 805 884 841 autem
903 797 1194 850 turbabuntur,
1215 798 1411 854 ponendo
1431 798 1544 855 quod
1559 798 1820 841 attractiones
1834 813 1950 840 acce-

225 863 448 914 'leratrices
467 871 648 927 partium
668 870 910 928 systematiS,
939 884 1080 913 versus
1109 878 1262 926 corpus
1297 870 1483 911 omnium
1513 870 1755 921 maximum,
1787 870 1837 925 (θ)
1865 883 1952 910 non

241 942 324 984 sint
342 941 399 984 ad
418 942 595 984 invicem
614 941 826 998 reciproce
846 950 894 984 ut
912 941 1114 998 quadrata
1132 941 1418 983 distantiarum
1434 956 1459 982 a
1474 955 1647 996 corpore
1659 940 1732 981 illo
1745 939 1951 989 maximo;

241 1013 285 1070 (f)
316 1014 548 1070 praesertim
568 1014 601 1055 si
620 1014 899 1070 proportionis
917 1013 1040 1070 hujus
1060 1014 1316 1071 inaequalitas
1335 1015 1467 1069 major
1487 1012 1539 1055 sit
1554 1028 1677 1070 quam
1697 1013 1953 1069 inaequalitas

239 1085 520 1141 proportionis
540 1085 830 1128 distantiarum
859 1101 884 1126 a
912 1099 1088 1140 corpore
1118 1086 1314 1127 maximo.
1376 1086 1486 1127 Nam
1519 1085 1554 1127 si
1579 1085 1641 1126 vis
1672 1084 1951 1136 acceleratrix,

240 1155 454 1212 aequaliter
473 1164 514 1198 et
533 1156 763 1197 secundum
782 1155 912 1197 lineas
931 1155 1150 1211 parallelas
1169 1156 1344 1213 agendo,
1375 1156 1591 1211 perturbat
1614 1162 1750 1197 motus
1770 1155 1877 1197 inter
1896 1169 1952 1205 se,

239 1242 410 1270 necesse
431 1234 506 1278 est,
529 1233 576 1268 ut
595 1241 649 1268 ex
669 1226 840 1269 actionis
859 1226 1137 1283 inaequalitate
1157 1227 1413 1282 perturbatio
1443 1227 1612 1278 oriatur,
1647 1228 1860 1283 majorque
1890 1227 1953 1277 sit,

239 1300 307 1342 vel
336 1300 474 1342 minor
502 1314 580 1355 pro
613 1301 782 1356 majore,
816 1299 882 1341 vel
910 1299 1070 1341 minore
1104 1299 1400 1355 inaequalitate.
1462 1285 1668 1342 Excessus
1702 1299 1955 1355 impulsuum

242 1372 459 1428 majorum,
481 1371 646 1429 agendo
665 1371 709 1413 in
729 1371 866 1428 aliqua
886 1385 1062 1426 corpora
1082 1379 1123 1413 et
1142 1386 1228 1413 non
1247 1372 1411 1428 agendo
1430 1372 1474 1414 in
1493 1372 1586 1423 alia,
1616 1370 1847 1428 necessario
1866 1386 1957 1412 mu-

239 1445 388 1487 tabunt
408 1445 532 1487 situm
553 1459 698 1486 eorum
718 1444 825 1486 inter
845 1459 900 1486 se.
962 1444 1018 1486 Et
1047 1443 1139 1485 haec
1165 1444 1435 1499 perturbatio,
1471 1444 1613 1486 addita
1644 1429 1955 1500 perturbationi,

241 1533 335 1574 quae
355 1533 409 1560 ex
427 1518 631 1560 linearum
650 1517 916 1560 inclinatione
935 1524 976 1559 et
995 1517 1273 1574 inaequalitate
1292 1517 1437 1569 oritur,
1458 1518 1658 1573 majorem
1686 1515 1834 1558 reddet
1862 1529 1959 1571 per·-

233 1589 519 1632 turbationem
539 1597 681 1631 totam.

302 1664 430 1705 Corol.
464 1669 502 1705 3.
535 1663 662 1705 Unde
683 1663 716 1703 si
737 1662 966 1718 systematis
985 1662 1107 1718 hujus
1126 1669 1264 1717 partes
1284 1662 1328 1703 in
1348 1661 1574 1716 eHipsibus,
1603 1661 1669 1703 vel
1688 1660 1852 1703 circulis
1871 1661 1960 1702 sine

240 1733 552 1788 perturbatione
572 1733 727 1790 insigni
746 1742 1016 1782 moveantur3
1047 1732 1309 1774 manifestum
1329 1739 1404 1782 est,
1428 1731 1541 1787 qu‘od
1562 1731 1719 1773 eaedem
1751 1746 1777 1772 a
1806 1731 1960 1773 viribus

241 1806 609 1856 acceleratricibus‚
632 1806 686 1846 ad
709 1805 788 1846 alia
809 1819 987 1859 corpora
1006 1804 1283 1854 tendentibus,
1306 1810 1377 1844 aut
1395 1817 1480 1843 non
1501 1811 1704 1860 urgentur
1731 1802 1811 1843 nisi
1841 1802 1961 1844 levis-

241 1876 358 1928 sime,
381 1884 452 1918 aut
472 1884 674 1932 urgentur
696 1875 925 1931 aequaliter,
946 1882 987 1916 et
1008 1874 1234 1916 secundum
1255 1874 1384 1916 lineas
1404 1873 1620 1929 parallelas
1635 1871 1959 1930 quamproxime.

505 2058 886 2103 PROPOSITIO
918 2058 1086 2101 LXVI.
1147 2056 1509 2100 THEOREMA
1539 2057 1714 2099 XXVI.

244 2178 291 2220 Si
308 2190 475 2231 corpora
494 2177 590 2226 tria,
613 2188 770 2230 quorum
790 2175 891 2216 vires
911 2175 1130 2222 decrescant
1149 2173 1193 2213 in
1213 2170 1416 2225 duplicant
1436 2171 1593 2212 ratione
1611 2170 1902 2221 dzlstantiamm,
1921 2185 1962 2213 se

303 2253 431 2288 mutuo
451 2247 614 2288 trahunt
629 2267 645 2293 ‚·
676 2251 714 2287 et
732 2245 986 2286 attractiones
1005 2243 1294 2285 acceleratrices
1312 2242 1488 2283 binorum
1508 2254 1815 2296 quorumcunque
1826 2241 1869 2282 in
1883 2247 1961 2282 ter-

304 2319 399 2359 tium
419 2319 498 2359 sint
518 2318 622 2357 inter
640 2331 679 2358 se
698 2314 893 2369 reciproce
911 2321 954 2356 ut
974 2315 1173 2369 quadrata
1193 2314 1474 2355 distantiarum
1487 2334 1503 2359 ,·
1534 2312 1689 2352 minora
1708 2317 1835 2352 autem
1854 2310 1960 2352 circa

303 2387 511 2428 maximum
529 2387 778 2429 revolvantur
794 2403 807 2426 .-
838 2387 925 2426 dico
944 2386 1047 2439 quod
1066 2385 1231 2425 interius
1249 2384 1356 2424 circa
1376 2384 1553 2424 intimum
1583 2387 1620 2423 et
1645 2382 1865 2432 maximum,
1890 2395 1961 2423 raa-

301 2459 382 2499 diis
400 2459 455 2498 ad
485 2458 610 2512 ipsum
641 2457 777 2507 ductis,
810 2456 997 2498 describet
1020 2469 1136 2496 areas
1165 2454 1400 2508 temporibus
1420 2454 1543 2509 magis
1566 2453 1962 2507 proportimzales,·et

1126 2583 1329 2620 traherentur,
1349 2583 1387 2620 P,
1405 2593 1433 2613 v.
1452 2592 1498 2623 gr.
1517 2581 1550 2613 in
1564 2581 1682 2613 ratione
1694 2579 1850 2621 reciproca
1863 2579 1962 2621 qund-

1126 2625 1184 2655 rati
1199 2624 1351 2655 distantias
1366 2635 1432 2655 suae
1447 2635 1465 2655 a
1486 2634 1611 2664 corpore
1636 2623 1772 2654 maximo
1789 2623 1832 2661 S;
1854 2633 1875 2663 p
1889 2621 1962 2654 νειό

243 2586 372 2619 eandem
391 2584 568 2616 distantiam
582 2584 680 2623 possit
699 2584 877 2625 parabolam
901 2582 1081 2620 describere,

244 2637 276 2661 et
303 2628 404 2671 magis
429 2627 531 2658 adhuc
554 2626 727 2657 decrescere
749 2626 839 2656 illam
868 2625 1083 2656 attractionem

245 2677 373 2711 oportet,
399 2675 436 2700 ut
459 2669 609 2700 describat
633 2668 833 2708 hyperbolam
857 2670 927 2710 (per
958 2668 1029 2699 Cor.
1050 2670 1079 2698 7.

249 2715 342 2798 Prag-
356 2710 814 2794 :Gifzgssffib-PZZE-Issgijgsts
839 2753 954 2784 accedit
979 2762 1087 2791 corpus

249 2801 382 2831 omnium
400 2798 568 2828 marimum
582 2798 623 2827 ad
644 2797 916 2836 systemalduorum
930 2796 976 2826 vel
986 2795 1087 2834 pluri-

247 2851 302 2871 um
317 2850 489 2883 corporum,
505 2839 537 2869 εὸ
552 2840 649 2878 magis
663 2837 777 2868 recedit
801 2848 821 2867 a
843 2847 916 2867 casu
942 2836 997 2867 ubi
1020 2846 1089 2875 per-

249 2882 384 2915 turbatio
401 2887 448 2911 est
462 2880 559 2916 nulla,
576 2879 688 2919 nempe
702 2878 828 2920 quando
843 2889 954 2919 corpus
971 2878 993 2909 S
1017 2877 1090 2909 infi-

248 2922 311 2953 nite
326 2923 425 2957 distat,
444 2922 518 2963 ergo
533 2921 570 2954 εδ
581 2924 677 2962 magis
688 2924 896 2954 turbabuntur
904 2927 1004 2953 motus
1014 2931 1089 2961 par-

246 2967 326 2997 tium
342 2973 399 3006 xyst
405 2967 510 2996 ematis
523 2967 605 2996 inter
619 2976 659 2996 se.

291 3007 338 3048 (θ)
365 3011 380 3027 0
409 3008 482 3038 IVon
497 3009 556 3039 sint
571 3010 611 3038 ad
625 3009 751 3038 invicem
765 3004 924 3046 reciprod,
936 3005 992 3036 διο.
1020 3004 1088 3035 Ex-

249 3049 342 3090 empli
357 3048 451 3080 causa
463 3060 472 3086 ς
499 3049 531 3080 Si
556 3059 682 3089 corpora
708 3049 744 3087 P,
761 3059 792 3089 p,
817 3047 944 3080 diversis
968 3046 1091 3089 legibus

1127 2667 1161 2697 in
1174 2667 1294 2697 ratione
1309 2667 1381 2698 cubi
1395 2667 1556 2698 distantia*-

1173 2709 1214 2750 (ἴ)
1240 2712 1257 2730 0
1282 2712 1458 2741 Praesertim
1472 2711 1498 2741 si
1506 2709 1702 2749 jnoportionis
1714 2707 1804 2748 hujus
1825 2709 1962 2749 braqua-

1128 2752 1206 2786 lt'tas,
1223 2752 1281 2782 ὅτε.
1328 2751 1476 2790 Exempli
1491 2749 1591 2785 causa,
1607 2750 1633 2780 si
1646 2749 1838 2790 inaequalitaa
1850 2755 1962 2781 auno-

1129 2793 1251 2824 tionum
1265 2793 1513 2824 acceleratricum
1527 2792 1560 2822 in
1575 2792 1752 2831 corporibus
1768 2792 1806 2830 P,
1818 2801 1848 2831 p,
1863 2791 1963 2833 mqjor

1132 2835 1172 2865 sit
1186 2835 1395 2876 inaequalitate
1409 2834 1622 2865 distantiarum
1640 2835 1661 2865 S
1678 2834 1715 2871 P,
1735 2834 1757 2864 S
1770 2844 1812 2873 p3
1836 2834 1921 2865 Nam
1933 2833 1962 2870 §i

1130 2877 1197 2908 iuae*
1207 2877 1429 2918 inaequalitates
1453 2877 1670 2907 attractionum
1693 2882 1725 2906 et
1747 2875 1962 2907 distantiarum

1132 2926 1231 2950 essent
1245 2920 1278 2949 in
1292 2919 1363 2950 data
1377 2919 1503 2956 ratione,
1530 2926 1726 2949 evanescente
1749 2917 1961 2949 distantiarum

1119 2962 1154 2992 ‘S
1171 2961 1206 2997 P.
1226 2962 1247 2992 S
1262 2972 1282 3001 p
1297 2960 1481 2999 differentia,
1493 2961 1617 3001 quando
1630 2971 1741 3000 corpus
1751 2959 1923 2991 maximum
1937 2959 1961 2993 8

1130 3003 1309 3045 longissime
1323 3003 1426 3041 distat,
1449 3009 1640 3034 evanesceret
1664 3013 1786 3044 quoque
1807 3001 1960 3037 wattin-

1133 3056 1210 3078 num
1225 3045 1471 3078 accelemnicum
1484 3045 1682 3087 inaequalitas.
