2086 3542
145 263 292 308 Lmen
315 264 529 316 Peuma]

609 262 821 306 PRINCI
827 262 926 306 ΡΙΑ
958 259 1451 306 MATHEMATICA.

1759 261 1847 303 829

146 380 184 422 P
201 396 228 422 a
249 381 286 423 C
307 380 360 422 ad
383 381 422 422 A
442 379 576 422 tendit
589 379 633 420 in
646 379 952 435 consequentia,
970 386 1211 433 motumque
1221 377 1447 427 accelerat;
1467 375 1565 419 dein
1583 389 1715 433 usque
1731 374 1787 419 ad
1799 373 1848 418 D

141 452 186 492 in
206 450 498 501 antecedentia,
519 458 563 492 et
578 457 739 491 motum
759 450 967 498 retardat3
995 458 1084 491 tum
1111 449 1157 490 in
1185 448 1479 503 consequentia
1505 461 1638 502 usque
1656 446 1711 488 ad
1730 445 1784 499 B,
1802 454 1849 489 et
1880 458 1883 459 ⁷

142 523 289 566 ultimo
307 524 350 565 in
369 522 651 564 antecedentia
669 521 921 564 transeundo
940 537 966 563 a
986 521 1026 564 B
1043 521 1098 562 ad
1120 521 1170 563 C.

202 597 331 638 Corol.
363 601 400 636 3.
433 594 490 636 Et
508 594 655 636 eodem
675 602 920 651 argumento
937 601 1053 648 patet
1071 591 1184 649 quod
1212 588 1363 647 corpus
1394 591 1445 642 P,
1475 590 1634 632 caeteris
1662 588 1847 645 paribus,

141 666 322 710 velocius
341 676 530 708 movetur
549 667 592 708 in
611 666 901 721 conjunctione
920 673 963 708 et
981 665 1241 721 oppositione
1260 678 1385 721 quam
1405 665 1448 705 in
1469 662 1743 719 quadraturis.

200 738 330 780 Corol.
361 743 400 778 4.
434 736 585 779 Orbita
604 736 789 791 corporis
812 736 860 787 P,
883 736 1042 777 caeteris
1062 736 1242 790 paribus,
1264 735 1426 776 curviOr
1446 743 1509 776 est
1528 734 1571 774 in
1591 732 1849 789 quadraturis

143 822 266 864 quam
286 808 329 848 in
351 808 639 863 conjunctione
659 816 700 848 et
719 806 992 861 oppositione.

139 879 311 922 flectunt
330 893 355 920 a
375 888 488 920 recto
508 879 681 920 tramite.

1054 806 1164 848 Nam
1185 819 1361 860 corpora
1379 805 1585 846 velociora
1613 804 1747 844 minus
1775 802 1851 845 de-

743 878 800 919 Et
830 879 882 932 (¹³)
911 885 1114 931 praeterea
1132 877 1192 918 vis
1216 876 1258 918 K
1279 877 1332 926 L,
1354 876 1419 917 vel
1441 875 1480 917 N
1505 874 1569 925 M,
1592 875 1634 915 in
1655 875 1849 929 conjunc-

139 949 253 991 tione
273 957 316 991 et
334 949 593 1004 oppositione
613 948 819 990 contraria
837 955 900 989 est
919 947 972 998 vi,
995 945 1076 1003 qua
1097 961 1246 1002 corpus
1267 946 1310 988 T
1328 945 1454 987 trahit
1473 960 1622 1000 corpus
1644 944 1679 987 P
1690 961 1702 994 ;
1732 944 1850 986 ideo-

140 1033 222 1075 que
241 1019 323 1060 vim
342 1018 456 1060 illam
475 1018 647 1068 minuit3
677 1032 827 1073 corpus
857 1025 994 1059 autem
1028 1017 1065 1060 P
1095 1016 1231 1059 minus
1262 1015 1453 1059 deflectet
1482 1032 1507 1057 a
1538 1023 1652 1058 recto
1686 1015 1848 1057 tramite

139 1090 211 1132 ubi
232 1091 368 1132 minus
387 1098 559 1147 urgetur
578 1090 621 1131 in
641 1104 791 1146 corpus
812 1089 866 1131 T.

201 1162 331 1204 Corol.
354 1167 393 1204 5.
424 1162 477 1217 (q)
500 1161 628 1204 Unde
646 1175 796 1217 corpus
814 1161 864 1211 P,
886 1161 1044 1202 caeteris
1063 1160 1244 1215 paribus,
1266 1159 1429 1217 longius
1449 1158 1613 1201 recedet
1633 1174 1657 1199 a
1675 1172 1862 1213 corpore-

306 1310 722 1348 ’ssL=SK=sc,
744 1310 972 1342 etLMeoin-

139 1353 222 1386 οἰδεῖ
234 1363 308 1384 cum
324 1353 352 1385 C
369 1354 400 1384 T
414 1364 469 1384 seu
483 1353 511 1384 P
525 1354 564 1390 T,
575 1353 881 1394 adeequeevanescet
893 1352 972 1384 ΤΜ

137 1406 195 1428 neu
210 1396 245 1427 N
260 1396 311 1427 M.
358 1396 459 1427 Nulla
473 1396 570 1436 igitur
582 1396 640 1427 en‘t
653 1396 767 1426 virium
784 1396 806 1426 S
822 1396 872 1433 M,
891 1396 914 1427 S
927 1394 971 1434 N,

138 1439 173 1469 in
303 1439 379 1469 turis
393 1438 574 1476 differentia,
584 1444 615 1469 et
629 1437 700 1469 ide&
711 1448 823 1478 corpus

141 1481 172 1513 P
195 1481 322 1521 reliquis
346 1481 461 1511 viribus
485 1481 526 1511 ad
549 1487 691 1512 centrum
707 1481 737 1512 Τ
751 1487 820 1511 ten-

139 1523 282 1554 dentibus
304 1524 466 1564 agitatum,
489 1523 575 1554 radio
595 1530 715 1554 vectore
736 1533 821 1554 areae

139 1566 183 1597 ibi
197 1565 346 1596 describet
358 1566 547 1604 temporibus
565 1565 816 1605 proportionales.

144 1609 191 1639 At
205 1608 258 1638 ubi
276 1617 386 1647 eorpus
404 1608 431 1638 P
446 1607 532 1638 extra.
553 1608 753 1649 quadraturas
774 1614 820 1639 est

138 1650 174 1681 in
196 1649 451 1689 hemiperipherifi
475 1651 502 1682 C
528 1651 558 1681 A
585 1651 628 1688 D,
658 1651 704 1680 via
731 1651 753 1681 S
779 1651 819 1681 M

139 1693 238 1734 major
258 1698 305 1722 est
327 1692 358 1722 vi
385 1693 408 1723 S
430 1693 461 1723 N
483 1699 516 1723 et
537 1702 649 1733 corpus
665 1694 693 1724 P
708 1693 820 1724 virium

140 1734 312 1766 differentia
327 1734 361 1765 N
377 1735 415 1764 M
429 1735 560 1766 trahitur
578 1734 751 1766 secundum
772 1735 819 1767 di·

139 1778 307 1808 rectionem
321 1777 378 1816 ipsi
395 1778 424 1808 T
441 1778 463 1809 S
476 1778 662 1816 parallelam.

185 1820 234 1851 sit
263 1819 292 1849 P
319 1829 354 1849 m
381 1820 506 1861 aequalis
534 1826 566 1851 et
594 1820 739 1860 parallela
763 1819 822 1860 ipsi

142 1861 177 1894 N
192 1862 241 1898 M,
264 1867 295 1892 et
308 1861 440 1893 demisso
454 1873 491 1893 ex
506 1873 538 1892 m
553 1863 585 1892 in
606 1863 728 1893 radium
745 1862 776 1893 T
793 1863 822 1894 P

140 1903 328 1944 productum
341 1904 559 1943 perpendiculo
572 1915 606 1935 m
620 1915 651 1941 n,
672 1905 719 1935 vis
737 1905 764 1936 P
777 1915 820 1942 m,

143 1957 198 1977 seu
215 1946 247 1976 N
265 1947 311 1981 M.
328 1946 360 1975 in
376 1946 453 1977 duas
467 1947 545 1977 vires
562 1947 631 1983 Pn,
648 1958 670 1977 n
683 1948 822 1979 mresol-

143 1989 234 2024 vitur,
261 1998 394 2028 quarum
419 1989 514 2019 altera
539 1989 568 2020 P
581 1999 604 2019 n
629 1990 779 2020 trahendo
800 1987 972 2021 secundem

143 2030 342 2061 directionem
368 2031 446 2061 radii
470 2032 499 2062 T
515 2031 551 2068 P,
577 2032 712 2070 corporis
740 2033 768 2063 P
791 2038 914 2062 motum
939 2030 973 2059 in

143 2072 372 2113 longitudinem
386 2073 463 2103 nihil
478 2079 588 2110 mutat,
604 2083 662 2104 nec
684 2073 866 2114 aequabilem
890 2082 975 2102 area-

144 2125 216 2145 rum
230 2114 464 2154 descriptionem
478 2117 602 2153 turbat3
624 2116 720 2146 altera
733 2115 806 2146 verti
824 2126 845 2146 n
859 2126 902 2150 m,
914 2120 977 2144 tra-

144 2156 249 2187 hendo
270 2157 442 2188 secundum
465 2157 664 2189 directionem
686 2169 708 2188 n
722 2169 764 2195 m,
789 2158 878 2188 radio
901 2157 930 2187 T
947 2156 976 2187 P

145 2199 439 2239 perpendicularem,
454 2201 514 2230 hoc
528 2207 584 2237 at,
596 2201 768 2231 secundum
777 2200 978 2231 directionem

145 2241 301 2282 tangentis
313 2241 347 2271 in
360 2242 398 2279 P,
412 2248 534 2273 motum
548 2243 582 2273 in
595 2242 822 2284 longitudinem
831 2243 980 2274 accelerat

145 2284 182 2314 in
205 2284 307 2324 primo
331 2284 501 2325 quadrante
526 2285 553 2317 C
571 2286 602 2317 A
628 2286 762 2317 retardat
785 2286 820 2317 in
843 2285 980 2316 secundo

146 2326 315 2368 quadrante
339 2327 370 2357 A
388 2327 431 2358 D.
791 2340 794 2342 ’

191 2369 233 2399 In
247 2367 344 2399 alterii,
356 2369 611 2409 hemiperipherifi
627 2371 660 2401 D
674 2370 704 2401 B
718 2370 754 2407 C,
771 2371 816 2400 vis
834 2370 855 2401 S
871 2370 910 2400 M
921 2369 981 2399 mi-

148 2420 206 2441 nor
219 2419 266 2441 est
277 2411 308 2440 vi
325 2412 348 2442 S
363 2412 406 2447 N,
423 2413 569 2452 quoniam
583 2423 695 2452 corpus
719 2413 748 2444 P
772 2423 792 2443 a
816 2422 943 2452 corpore
960 2413 982 2443 S

147 2452 274 2494 longius
287 2452 379 2484 distat
392 2463 486 2494 quam
500 2465 612 2495 corpus
627 2455 666 2491 T,
682 2455 768 2486 unde
781 2455 807 2485 si
820 2455 899 2485 vires
912 2464 981 2494 per-

148 2496 307 2527 turbantes
320 2495 360 2526 ad
374 2496 475 2526 solum
491 2507 604 2536 corpus
622 2497 649 2528 P
661 2498 843 2534 referantur,
868 2497 980 2527 virium

152 2538 176 2569 S
190 2538 240 2575 M,
258 2538 281 2568 S
291 2538 324 2568 N
339 2537 511 2569 differentia
522 2540 554 2570 N
566 2540 606 2570 M
617 2540 760 2581 negativa
773 2550 828 2570 seu
843 2539 981 2570 ablatitia

150 2580 217 2618 erit,
230 2585 285 2610 aut
293 2579 378 2621 quod
387 2580 471 2610 idem
482 2587 537 2618 eet,
549 2582 700 2612 contraria
712 2582 879 2613 directione
888 2587 979 2623 aget3

153 2622 306 2663 Fingamr
327 2623 411 2653 enim
431 2633 559 2662 corpora
574 2624 605 2656 Τ
619 2630 651 2655 et
667 2625 696 2655 P
709 2625 813 2666 urgeri
838 2625 930 2655 ambo
949 2624 981 2654 vi

155 2665 177 2695 S
188 2664 221 2695 N
231 2664 347 2706 ubique
360 2665 472 2706 equali
486 2671 518 2697 et
531 2666 589 2697 sibi
602 2666 757 2706 parallela,
773 2673 904 2708 pergent
913 2676 981 2698 mo-

152 2706 216 2737 veri
229 2707 310 2737 inter
329 2717 362 2738 se
382 2707 470 2748 quasi
492 2709 620 2740 omnino
645 2710 761 2740 abesset
781 2710 836 2740 illa
859 2709 905 2740 vis
926 2719 982 2749 per

155 2750 227 2780 Cor.
245 2753 276 2780 6.
439 2750 552 2786 motus,
569 2758 639 2782 tum
662 2752 802 2783 trahatur
825 2761 936 2791 corpus
952 2751 981 2782 P

153 2792 184 2821 vi
208 2791 242 2821 N
267 2791 305 2821 M
331 2792 501 2823 secundum
526 2793 727 2824 directionem
755 2794 927 2834 oppositam
950 2794 982 2825 vi

157 2834 180 2864 S
196 2833 238 2868 N.
255 2843 294 2863 ex
309 2833 346 2864 aa
359 2835 477 2865 actione
491 2837 695 2867 mutabuntur
705 2842 808 2867 motus
818 2846 982 2875 corporum

107 2896 110 2898 >
154 2875 983 2912 TetPinoersesedetiamexeaoetionevisSN

154 2928 225 2958 quae
246 2918 364 2948 trahere
385 2928 494 2957 corpus
511 2920 540 2950 P
552 2921 737 2962 fingebatur,
760 2921 925 2953 reducetur
944 2921 985 2952 ad

155 2961 217 2990 vim
235 2960 890 3004 SMquaeaetvisreveraagensdumvis
913 2964 984 2995 SN

157 3003 220 3043 agit
233 3002 266 3031 in
283 3002 320 3037 T,
336 3012 410 3042 ergo
431 3003 456 3032 si
478 3005 668 3036 aestimentur
692 3012 795 3037 motus
819 3016 984 3046 corporum

159 3045 187 3076 Τ
201 3050 232 3075 et
250 3044 276 3075 P
290 3044 370 3075 inter
383 3054 425 3082 se,
441 3046 526 3086 quasi
541 3057 652 3086 corpus
669 3048 697 3079 P
711 3049 744 3078 iu
759 3048 984 3088 hemiperiphe-

1015 1310 1061 1341 rifi
1079 1310 1113 1341 D
1130 1310 1159 1341 B
1177 1310 1204 1341 C
1220 1316 1383 1351 urgeretur
1397 1310 1508 1340 virium
1523 1309 1697 1340 differentia
1712 1310 1746 1340 N
1761 1310 1799 1341 M
1814 1310 1849 1340 in

1015 1353 1198 1383 contrariam
1226 1358 1345 1391 partem
1373 1358 1496 1393 agente,
1526 1353 1748 1383 obtinebuntur
1769 1362 1849 1384 νει-ε

1014 1395 1202 1426 mutationes
1214 1401 1360 1425 motuum
1380 1404 1544 1435 corporum
1561 1394 1590 1426 T
1604 1400 1636 1425 et
1652 1395 1681 1426 P
1702 1394 1783 1426 inter
1804 1404 1848 1434 ae,

1014 1998 1052 2018 ex
1068 1988 1241 2019 actionibus
1258 1989 1280 2020 S
1295 1988 1327 2019 N
1341 1994 1373 2020 et
1390 1989 1412 2020 S
1428 1989 1468 2020 M
1481 1995 1566 2028 ortae,
1589 1989 1721 2031 ideoque
1734 1990 1768 2021 in
1781 1999 1852 2031 pos-

1015 2037 1117 2060 terum
1131 2031 1374 2062 considerabitur
1387 2042 1498 2071 corpus
1515 2033 1587 2063 Pin
1598 2033 1853 2072 hemiperipheiiii

1020 2073 1053 2103 D
1071 2073 1100 2103 Β
1120 2074 1146 2103 C
1160 2074 1247 2113 quasi
1262 2080 1425 2113 urgeretur
1438 2074 1469 2104 vi
1493 2075 1526 2104 N
1543 2075 1581 2105 M
1607 2075 1779 2105 secundum
1803 2076 1851 2106 di-

1017 2115 1184 2144 rectionem
1201 2115 1229 2145 P
1243 2125 1276 2144 m
1290 2115 1349 2154 ipsi
1365 2117 1398 2146 N
1413 2116 1452 2146 M
1463 2116 1640 2155 parallelam
1655 2127 1674 2147 a
1691 2117 1720 2147 P
1746 2117 1853 2148 versus

1018 2166 1050 2186 m
1066 2163 1176 2196 agente
1188 2168 1198 2193 ς
1221 2163 1314 2196 atque
1327 2157 1406 2192 ideo.
1419 2158 1445 2187 si
1459 2159 1505 2187 vis
1522 2158 1550 2188 P
1564 2168 1596 2191 m
1617 2159 1651 2188 in
1672 2158 1750 2189 duat
1764 2160 1850 2193 vires,

1019 2198 1102 2229 utin
1116 2198 1211 2229 altera
1224 2199 1478 2240 hemiperipheria
1498 2200 1616 2230 factmn
1639 2207 1694 2237 est,
1721 2202 1854 2232 raeolva-

1019 2248 1080 2277 tur,
1096 2241 1295 2272 manifestum
1309 2242 1368 2273 erit
1381 2248 1502 2272 motum
1516 2241 1549 2271 in
1571 2241 1799 2282 longitudinem
1818 2244 1853 2274 in

1020 2283 1191 2355 quadgante
1207 2284 1241 2314 D
1258 2284 1288 2316 Β
1303 2283 1464 2316 accelerari
1478 2290 1510 2315 et
1530 2284 1563 2314 in
1584 2284 1754 2325 quadrante
1777 2286 1806 2316 B
1825 2287 1852 2318 C

1021 2332 1100 2356 retar
1122 2326 1176 2356 ari.

1067 2367 1112 2408 (Ρ)
1135 2371 1208 2400 499.
1235 2370 1279 2400 Et
1300 2375 1446 2408 Jnoeeerea
1467 2370 1509 2400 vis
1530 2370 1567 2400 K
1575 2370 1616 2405 L,
1631 2370 1688 2400 &c-
1735 2370 1854 2402 Iisdem

1022 2410 1129 2449 positis
1151 2420 1221 2450 quae
1245 2410 1278 2440 in
1301 2411 1374 2441 noui
1397 2411 1557 2451 superiori,
1571 2417 1662 2442 rectae
1679 2413 1702 2442 S
1716 2412 1757 2449 L,
1775 2413 1798 2444 S
1813 2414 1854 2446 M

1023 2459 1096 2483 sunt
1110 2453 1173 2483 fere
1187 2452 1350 2492 parallelae,
1372 2464 1409 2484 ac
1428 2452 1557 2493 proinde
1572 2454 1602 2484 T
1617 2454 1655 2484 M
1670 2466 1716 2484 =
1734 2455 1763 2486 P
1779 2455 1808 2487 L
1822 2463 1855 2487 et

1025 2496 1054 2527 L
1068 2495 1106 2526 Μ
1117 2507 1163 2525 =
1179 2496 1207 2526 P
1219 2495 1249 2526 T
1262 2505 1356 2535 quam
1371 2494 1531 2535 proxime;
1554 2494 1649 2535 quare
1663 2497 1854 2529 coincidente

1024 2539 1139 2570 Pcum
1163 2538 1194 2569 A
1220 2543 1252 2569 et
1279 2538 1313 2568 K
1338 2549 1410 2568 cum
1436 2538 1476 2574 T,
1502 2537 1853 2571 fitLM=AT=

1025 2580 1115 2618 PK,
1139 2586 1171 2611 et
1196 2580 1230 2612 N
1256 2579 1295 2611 M
1321 2591 1376 2611 seu
1399 2580 1852 2626 TM=PL=AT÷

1025 2624 1060 2656 K
1083 2623 1123 2660 L,
1149 2628 1181 2653 et
1204 2622 1619 2660 Nm-LM=KL‚
1646 2624 1705 2654 hoc
1729 2630 1785 2662 est,
1808 2626 1855 2656 vis

1022 2672 1088 2698 tota
1100 2666 1282 2705 perturbans
1295 2665 1357 2706 qua
1371 2675 1483 2704 corpus
1499 2665 1527 2696 P
1541 2666 1574 2695 in
1589 2666 1806 2706 conjunctione
1823 2668 1854 2699 A

1022 2718 1181 2748 acorpore
1208 2707 1238 2738 T
1262 2717 1367 2738 versus
1395 2708 1416 2738 S
1438 2707 1612 2745 retrahitur,
1638 2714 1684 2739 est
1706 2715 1743 2739 ut
1768 2710 1802 2740 K
1823 2710 1854 2742 L

1022 2761 1118 2793 quam
1131 2748 1288 2789 proxim&
1311 2750 1341 2780 vi
1356 2750 1439 2780 enim
1456 2750 1485 2780 L
1501 2751 1539 2782 M
1554 2750 1685 2781 trahitur
1708 2751 1737 2782 P
1751 2763 1856 2786 versus

1025 2795 1055 2825 T
1069 2799 1101 2824 et
1113 2793 1144 2823 vi
1159 2793 1192 2823 N
1210 2793 1249 2823 M
1263 2803 1282 2823 a
1296 2802 1420 2832 corpore
1447 2793 1476 2823 T
1501 2802 1605 2823 versus
1632 2793 1654 2824 S
1679 2795 1851 2826 retrahitur.

1026 2836 1117 2867 Idem
1131 2834 1240 2865 eodem
1265 2834 1359 2865 modo
1379 2834 1615 2873 demonstratur,
1638 2845 1764 2876 corpore
1780 2838 1808 2869 P
1821 2838 1855 2869 in

1025 2878 1217 2918 oppositione
1234 2877 1262 2908 B
1283 2876 1393 2915 posito.

1069 2920 1115 2962 (¹¹)
1139 2922 1158 2940 ⁸
1187 2919 1274 2951 Unde
1288 2930 1394 2959 corpus
1411 2921 1448 2956 P,
1464 2920 1520 2950 &c.
1567 2919 1650 2950 Nam
1665 2931 1737 2952 cum
1758 2922 1856 2954 orbita

1025 2962 1160 3002 corporis
1177 2961 1205 2993 P
1227 2961 1348 2992 curvior
1369 2962 1409 2992 sit
1428 2961 1463 2992 in
1483 2961 1676 3002 quadraturis
1700 2965 1727 2995 C
1748 2966 1797 2996 vel
1821 2967 1854 2998 D

1025 3015 1119 3045 quam
1139 3005 1173 3034 in
1194 3004 1315 3044 syzigiis
1338 3004 1368 3034 A
1391 3010 1423 3034 et
1438 3004 1467 3035 B
1492 3006 1562 3045 (pcr
1577 3005 1648 3036 Cor.
1667 3007 1712 3046 4.)
1733 3017 1856 3039 necesse

1027 3053 1080 3085 est,
1097 3046 1213 3078 caeoeris
1227 3046 1359 3087 paribus,
1375 3052 1412 3077 ut
1426 3046 1459 3076 in
1474 3047 1595 3088 syzigiis
1609 3049 1638 3078 A
1651 3054 1681 3079 et
1694 3049 1723 3081 B
1734 3050 1855 3090 depres-
