2086 3542
218 258 299 295 208

600 251 871 297 PHILOSO
878 253 1048 297 PHIAE
1077 249 1435 298 NATURALIS

1548 254 1692 306 [Mor.
1709 255 1902 298 Conma.
1954 235 1958 238 Δ

928 470 1198 511 Corollarium.

267 621 329 676 (¹¹²)
362 620 476 663 Hinc
490 635 584 662 area
599 620 798 675 ellipseos,
831 633 922 674 quae
942 619 1058 660 radio
1078 619 1130 660 ab
1150 619 1343 660 umbilico
1363 619 1416 660 ad
1436 633 1584 674 corpus
1604 619 1755 661 mobile
1775 618 1905 670 ducto

210 691 461 742 describitur,
492 706 575 732 non
603 690 741 745 prodit
772 704 824 730 ex
863 689 958 731 dato
997 698 1194 743 tempore,
1225 703 1301 743 per
1343 690 1616 745 aequationem
1653 689 1834 740 finitam3
1865 696 1907 730 et

206 770 424 817 propterea
441 776 516 816 per
544 760 857 814 descriptionem
878 773 1093 800 curvarum
1107 757 1353 816 geometrice
1366 759 1624 800 rationalium
1640 757 1907 801 determinari

206 832 360 888 nequit.
420 832 574 873 Curvas
594 829 839 887 geometrice
860 829 1078 870 rationales
1101 828 1263 883 appello
1284 843 1457 883 quarum
1485 837 1640 883 puncta
1658 829 1798 870 omnia
1829 843 1906 884 per

205 900 479 960 longitudines
510 901 805 956 aequationibus
839 899 1040 950 definitas,

1074 898 1116 939 id
1158 907 1231 950 est,
1282 888 1368 954 per·
1391 898 1696 956 longitudinum
1727 899 1906 941 rationes

205 972 478 1027 complicatas,
507 971 769 1012 determinari
802 978 998 1025 possunt3
1030 978 1276 1026 caeterasque
1304 973 1367 1025 (ut
1400 969 1583 1024 spirales',
1615 969 1905 1026 quadratrices‚

249 1125 301 1167 (¹¹¹)
317 1128 388 1156 565.
410 1124 456 1154 Sit
471 1124 623 1163 Ellipseos
637 1124 667 1154 A
686 1124 713 1154 P
731 1125 769 1160 B,
785 1124 850 1154 axis
863 1123 892 1154 A
906 1124 944 1158 B,
962 1134 1031 1154 um—

204 1166 313 1198 bichs
331 1167 360 1203 S,
383 1166 485 1196 radius
499 1173 602 1196 vector
618 1166 640 1196 S
657 1167 690 1203 P,
714 1166 844 1206 dataque
865 1165 926 1196 sint
939 1166 1033 1196 totius

206 1209 334 1248 Ellipsis
348 1219 422 1239 area,
438 1214 468 1238 et
482 1214 603 1247 tempus
617 1208 817 1247 periodicam,
842 1208 940 1250 sitque
955 1214 1033 1238 tem-

204 1261 263 1291 pus
277 1251 466 1290 periodicum
487 1250 526 1281 ad
539 1256 661 1289 tempus
675 1260 729 1289 per
757 1261 862 1280 arcum
881 1252 910 1280 A
929 1250 966 1287 P,
989 1248 1032 1280 it&

205 1303 275 1324 area
299 1293 393 1323 totius
413 1292 553 1334 ellipseos
575 1292 617 1323 ad
639 1303 740 1323 aream
760 1292 883 1323 sectoris
911 1293 941 1322 A
960 1293 987 1323 P
1001 1294 1033 1330 S,

204 1336 390 1367 obtinebitur
403 1335 533 1376 aequatio
547 1334 626 1366 inter
648 1345 749 1365 aream
769 1334 796 1365 A
815 1335 843 1365 P
860 1336 891 1371 S,
914 1344 944 1365 et
958 1342 1037 1365 tem-

204 1388 263 1417 pus
277 1388 338 1418 quo
352 1378 406 1408 illa
419 1377 605 1408 describitur.
647 1377 739 1408 Unde
748 1377 772 1407 si
787 1377 891 1417 poste&
905 1377 1033 1407 inveniri

204 1427 305 1460 posset
333 1420 462 1461 aequatio
485 1420 572 1450 finita
599 1420 679 1450 inter
712 1430 813 1450 aream
840 1420 1031 1450 indefinitam

208 1463 238 1492 A
258 1463 286 1493 P
302 1463 323 1493 S
337 1470 368 1493 et
388 1462 509 1493 radium
523 1468 674 1492 vectorem
692 1463 713 1493 S
731 1462 758 1492 P
779 1472 815 1492 ac
836 1462 920 1492 datas
934 1472 1031 1501 quan-

204 1504 312 1540 titateS,
335 1505 521 1535 inveniretur
541 1515 663 1544 quoque
688 1504 818 1544 aequatio
839 1504 925 1534 finita
953 1506 1032 1534 inter

205 1552 326 1586 tempus
340 1557 393 1586 per
406 1557 511 1577 arcum
526 1547 661 1586 quemvis
680 1548 708 1576 A
728 1547 764 1583 P,
782 1552 812 1576 et
825 1546 946 1576 radium
961 1556 1030 1576 vec-

203 1595 302 1620 torem
319 1590 340 1619 S
358 1589 394 1626 P,
417 1589 471 1629 qui
485 1588 528 1619 ita
555 1599 592 1619 ex
608 1588 679 1619 dato
700 1594 836 1626 tempore
850 1599 904 1627 per
928 1599 1030 1628 aequa-

204 1631 320 1662 tionem
348 1631 466 1661 finitam
492 1631 646 1670 prodiret3
686 1630 810 1661 Etvice
822 1630 913 1667 verszi,
937 1631 962 1660 si
991 1641 1029 1661 ex

204 1680 340 1713 tempore
354 1683 416 1714 quo
429 1683 518 1704 arcus
534 1674 565 1704 A
583 1673 611 1703 P
626 1673 814 1711 describitur,
836 1673 913 1703 radii
928 1679 1028 1703 vecto-

598 1757 642 1811 P

303 2083 358 2130 A
496 2086 524 2131 S
911 2085 956 2135 Β

201 2167 243 2197 ris
260 2167 280 2198 S
298 2166 497 2207 Plongitudo
509 2177 565 2206 per
578 2166 779 2206 aequationem
795 2166 911 2196 finitam
926 2176 1027 2206 posset

201 2209 404 2246 determinari,
427 2219 485 2248 ope
509 2210 601 2249 hujus
615 2209 793 2249 aequatiouis
821 2215 851 2239 et
865 2210 1028 2247 superioris

199 2251 401 2291 proportionis
423 2251 504 2282 inter
517 2257 654 2290 tempora
675 2257 706 2281 et
730 2262 813 2281 areas
840 2252 1028 2284 obtineretur

199 2294 330 2334 aequatio
339 2293 425 2324 finita
435 2294 515 2324 inter
525 2304 626 2323 aream
643 2293 811 2334 quamlibet
827 2295 852 2323 A
859 2294 911 2324 SP
923 2298 955 2324 et

197 2336 318 2367 radium
332 2343 483 2366 vectorem
516 2336 537 2366 S
554 2336 581 2366 P
602 2346 637 2366 ac
656 2336 740 2365 datas
754 2336 946 2375 quantitates,

199 2378 282 2419 quod
296 2377 480 2417 impossibile
494 2389 558 2409 esse
573 2378 814 2408 demonstratum
828 2384 873 2408 est
885 2390 893 2416 3
918 2385 948 2409 et
964 2386 1012 2433 A

198 2420 356 2460 propterea
369 2420 531 2461 longitudo
547 2423 596 2462 (ac
613 2419 738 2460 proinde
753 2420 863 2459 positio
877 2430 946 2460 quae
993 2437 998 2442 ·

198 2472 238 2492 ex
259 2463 453 2503 longitudine
467 2462 538 2493 data
552 2462 611 2502 est)
635 2462 711 2492 radii
725 2461 852 2493 vectoris
869 2463 890 2493 S
909 2464 942 2499 P,
968 2443 1014 2493 ρο

199 2514 255 2544 per
269 2505 502 2544 descriptionem
516 2515 678 2535 curvarum
700 2505 883 2545 geometrice
897 2515 945 2535 ra.-

200 2547 361 2577 tionaliurn
375 2547 569 2577 determinari
584 2546 698 2587 nequit.
741 2547 820 2577 Sunt
841 2553 944 2577 autem

200 2599 302 2619 curvae
315 2589 499 2629 geometrice
511 2589 673 2620 rationales
684 2588 717 2618 in
738 2589 850 2629 quibus
864 2589 944 2619 ordi-

201 2638 342 2662 natarum
356 2637 387 2662 et
400 2632 599 2662 abscissarum
619 2636 771 2661 rectarum
784 2631 889 2661 relatio
903 2643 944 2662 ω-

201 2674 344 2713 quatione
368 2673 453 2704 finitzi
469 2673 597 2712 exprimi
620 2679 725 2711 potest,
756 2671 945 2714 quarumque
972 2670 1007 2715 Ρ

202 2715 329 2754 proinde
343 2722 457 2755 puncta
469 2715 572 2746 omnia
585 2725 640 2755 per
667 2716 778 2745 harum
792 2722 943 2746 rectarum

202 2756 352 2788 linearum
374 2758 506 2788 rationes
529 2757 722 2797 complicatas
748 2757 944 2788 determinari

202 2806 336 2837 possunt.
386 2800 417 2830 Si
428 2801 461 2830 in
476 2800 646 2841 aequatione
659 2799 699 2830 ad
713 2810 839 2830 curvam
853 2810 872 2829 a
885 2810 904 2830 x
921 2799 943 2814 '¹²

202 2841 245 2882 -Ι-
258 2843 278 2871 b
292 2852 309 2880 y
327 2842 343 2856 ¹¹
357 2843 399 2884 -}-
413 2843 466 2872 &c.
485 2856 531 2872 =
546 2852 565 2872 ο
579 2852 726 2872 numerus
746 2841 946 2872 terminorum

203 2882 308 2912 finitus
318 2883 356 2913 sit
367 2890 397 2914 et
407 2890 591 2923 exponentes
600 2895 641 2921 m,
658 2895 689 2922 n,
702 2883 863 2915 rationales
876 2884 945 2914 fue-

202 2925 271 2958 rint,
285 2935 376 2955 curva
386 2926 442 2955 erit
451 2926 633 2966 geometrice
644 2925 913 2963 rationaliffioonmi
921 2926 948 2955 si

203 2975 349 2996 numerus
357 2968 556 2998 terminorum
563 2969 700 2999 infinitus
710 2968 812 3003 fuerit,
822 2974 854 2998 et
862 2978 948 2998 sum-

202 3008 281 3038 mari
294 3016 455 3048 nequeant,
477 3016 530 3040 aut
544 3010 568 3040 si
584 3020 738 3050 exponens
751 3011 790 3041 ali
812 3010 860 3040 uis
873 3010 949 3040 irra-
995 3002 1031 3048 C

203 3049 324 3080 tionalis
346 3050 445 3086 fuerit,
472 3061 564 3082 curva
578 3059 623 3082 est
636 3053 802 3093 geometxic
830 3052 947 3083 irratio-

204 3091 289 3123 aaliz.

1115 1128 1187 1156 564.
1217 1125 1332 1156 Circuli
1348 1124 1500 1166 (adeoque
1514 1130 1545 1156 et
1569 1125 1710 1165 Ellipsis)
1739 1126 1906 1166 quadratu·

1073 1175 1140 1197 ram
1155 1177 1209 1197 seu
1223 1167 1470 1198 rectificationem
1491 1167 1680 1198 indefinitam
1696 1168 1783 1199 finita
1804 1179 1907 1209 aequa—

1074 1209 1157 1239 tionc
1172 1210 1306 1240 exhiberi
1321 1220 1383 1240 non
1398 1220 1486 1248 pc-sse
1508 1210 1725 1242 demonstravit
1756 1211 1905 1242 Samium

1074 1250 1108 1282 in
1121 1252 1355 1282 Commentariis
1386 1252 1608 1282 Parisiensibus
1636 1263 1685 1283 an.
1707 1257 1797 1285 1720.
1822 1252 1907 1283 illius

1077 1294 1366 1325 demonstrationem
1379 1302 1416 1326 ut
1439 1294 1510 1333 pote
1524 1293 1646 1325 facilem
1661 1301 1692 1326 et
1711 1297 1835 1334 brevem
1856 1306 1906 1327 ro-

1078 1337 1219 1367 feremus.
1269 1337 1314 1367 Sit
1337 1337 1488 1376 quadrans
1496 1336 1602 1367 circuli
1623 1338 1649 1368 C
1676 1338 1706 1368 A
1736 1338 1776 1373 Β,
1803 1343 1835 1368 et
1866 1347 1904 1368 ex

1074 1386 1190 1419 puncto
1215 1379 1321 1419 quovis
1337 1379 1371 1409 N
1384 1379 1471 1409 arcus
1488 1379 1519 1409 A
1537 1379 1565 1409 B
1587 1378 1766 1410 demittatur
1792 1379 1834 1410 'ad
1854 1389 1903 1411 ran

1074 1422 1161 1452 dium
1176 1422 1205 1452 A
1218 1422 1243 1452 C
1259 1421 1516 1461 perpendicularis
1530 1422 1561 1452 N
1579 1422 1615 1457 P,
1628 1421 1903 1458 demonstrandum

1074 1470 1119 1494 est
1129 1475 1218 1494 arcus
1230 1464 1258 1493 A
1279 1464 1320 1500 N,
1346 1470 1376 1494 et
1390 1470 1541 1494 rectarum
1568 1464 1599 1494 A
1624 1464 1661 1498 P.
1686 1464 1713 1494 P
1730 1464 1762 1494 N
1782 1463 1904 1494 relatio-

1073 1517 1145 1537 nem
1185 1506 1270 1537 nullfi
1311 1507 1482 1546 aequatione
1521 1505 1606 1537 finita
1636 1516 1724 1545 posse
1760 1506 1899 1545 exprimi.

1076 1549 1237 1588 Descripta
1258 1548 1448 1590 intelligatur
1471 1558 1563 1578 curva
1581 1549 1611 1579 A
1635 1548 1665 1579 Ο
1691 1549 1730 1579 Μ
1752 1549 1784 1579 D
1813 1546 1903 1589 cujus

1073 1592 1138 1621 haec
1160 1591 1199 1621 sit
1213 1597 1322 1621 natura
1335 1597 1371 1621 ut
1384 1597 1466 1620 recta
1492 1591 1530 1621 M
1548 1591 1575 1621 P
1595 1601 1632 1621 ex
1655 1596 1771 1630 puncto
1794 1590 1903 1631 quovis

1074 1634 1113 1663 M
1138 1634 1177 1664 ad
1202 1634 1322 1664 radium
1348 1634 1379 1663 A
1397 1634 1423 1664 C
1443 1632 1901 1672 perpendiculariter-demissa,

1072 1676 1111 1706 sit
1132 1676 1256 1716 aequalis
1291 1676 1375 1707 arcui
1403 1676 1534 1705 abscisso
1564 1677 1596 1705 A
1625 1676 1677 1712 N;
1713 1684 1771 1714 ope
1799 1684 1902 1706 curva

1074 1719 1105 1749 A
1135 1719 1173 1748 M
1205 1718 1236 1748 D
1262 1729 1349 1748 arcus
1373 1718 1404 1748 A
1423 1719 1454 1747 N
1481 1717 1516 1747 in
1539 1717 1657 1748 ratione
1687 1716 1795 1757 quivis
1829 1714 1901 1748 data

1032 1766 1042 1771 ·
1070 1760 1254 1791 rectaePG
1280 1761 1320 1791 ad
1346 1760 1430 1791 PM
1459 1759 1554 1790 dividi
1581 1759 1900 1798 potestinR3num

1071 1803 1097 1833 si
1121 1813 1176 1842 per
1209 1809 1361 1842 punctum
1393 1803 1423 1833 G
1597 1807 1681 1832 recta
1708 1801 1738 1832 G
1774 1810 1805 1838 o,
1841 1801 1900 1839 ἱρά

1071 1845 1100 1876 Ρ
1131 1846 1170 1876 Μ
1191 1845 1337 1875 normalis
1357 1850 1388 1876 et
1415 1854 1517 1875 curvae
1541 1844 1572 1874 A
1603 1845 1643 1875 M
1674 1844 1708 1875 D
1735 1852 1900 1874 occurrens

1069 1887 1105 1919 iu
1133 1898 1162 1924 o,
1198 1894 1289 1928 atque
1312 1897 1350 1917 ex
1377 1890 1494 1927 puncto
1521 1896 1551 1924 0,
1588 1884 1719 1917 ducamr
1746 1884 1788 1916 ad
1813 1884 1844 1915 A
1871 1884 1899 1916 C

1070 1929 1328 1970 perpendicularis
1341 1939 1362 1960 o
1385 1930 1419 1966 Q
1437 1939 1544 1960 arcum
1572 1929 1603 1959 A
1625 1928 1659 1959 N
1679 1937 1784 1959 secans
1795 1927 1827 1957 in
1853 1926 1896 1964 R,

1068 1972 1127 2003 erit
1151 1972 1182 2002 A
1214 1972 1407 2009 R=Qo‚
1429 1969 1566 2011 adeoque
1593 1971 1625 2000 A
1655 1970 1717 2001 R:
1750 1970 1781 2000 A
1804 1969 1898 2000 N==

1073 2015 1102 2045 P
1139 2015 1170 2045 G
1202 2027 1209 2045 z
1246 2014 1275 2045 P
1316 2015 1364 2044 M.
1427 2013 1547 2044 Verum
1575 2011 1796 2043 demonstravit
1825 2011 1922 2043 Clu.

1069 2058 1134 2087 tiss.
1158 2056 1351 2096 Hospitalius
1369 2058 1437 2087 Art.
1457 2059 1528 2086 443.
1547 2055 1620 2086 Lib.
1640 2058 1688 2085 lo.
1719 2054 1898 2085 sectionum

1073 2099 1269 2136 Conicarum,
1292 2099 1375 2140 quod
1397 2098 1422 2129 si
1450 2107 1538 2129 arcus
1554 2097 1585 2128 A
1610 2097 1644 2128 N
1670 2097 1710 2127 sit
1731 2097 1771 2126 in
1797 2103 1900 2135 parm

1070 2141 1202 2182 aequales
1224 2141 1406 2172 dividendus
1426 2150 1558 2181 quarum
1578 2149 1643 2170 una
1666 2138 1705 2170 sit
1729 2139 1761 2169 A
1785 2138 1826 2175 R,
1855 2148 1898 2168 ω-

1070 2184 1175 2224 quatio
1199 2183 1260 2225 qus}
1289 2183 1509 2214 determinatur
1536 2182 1630 2221 partis
1650 2181 1744 2212 unius
1774 2179 1898 2211 chorda

1073 2229 1104 2257 A
1117 2227 1155 2260 R.
1172 2232 1217 2257 tot
1231 2226 1435 2256 dimensiones
1453 2225 1571 2256 obtinet
1590 2230 1665 2266 quot
1675 2229 1748 2255 sunt
1769 2222 1803 2253 in
1821 2231 1897 2253 nrm

1075 2270 1104 2300 A
1122 2269 1164 2307 N,
1180 2276 1279 2309 panes
1298 2268 1437 2310 aequales,
1460 2273 1552 2299 atoue
1565 2265 1643 2298 adeo
1664 2265 1690 2297 si
1713 2263 1896 2296 dividendu-
