2086 3542
159 273 310 318 mez
331 275 546 326 Pinnos]
607 269 930 313 PRINCIPIA
963 267 1461 312 MATHEMATICA.
1781 275 1862 318 157

215 391 272 434 Et
283 396 439 438 contra,
461 386 496 428 si
513 391 716 440 punctum
733 382 887 425 mobile
901 381 946 424 D
966 380 1180 437 contingat
1205 380 1429 423 sectionem
1443 382 1630 424 conicam
1648 391 1864 429 transeun-

156 473 241 508 tem
270 477 346 519 per
373 460 470 502 data
498 465 654 513 puncta

159 536 211 587 B,
235 535 285 586 C,
326 533 382 582 A,
413 538 455 572 et
485 528 537 570 sit
575 539 648 568 an·

154 608 276 666 gulus
314 605 359 647 D
401 603 439 645 B
461 600 513 644 M
542 614 649 643 sem-

152 692 229 734 per
265 673 434 731 aequalis
497 669 649 726 angulo

152 749 253 791 dato
268 748 311 790 A
326 747 364 788 B
387 744 436 795 C,
459 751 501 785 et
519 752 650 799 angu-

151 820 217 861 lus
255 819 301 861 D
334 819 370 861 C
406 815 459 858 M
489 830 651 870 sempei

152 891 322 948 aequalis
361 890 514 947 angulo
553 887 651 929 dato

153 963 197 1005 A
218 964 254 1005 C
276 963 327 1013 B,
359 970 402 1004 et
428 962 500 1003 ubi
518 971 651 1015 punc-

151 1042 242 1076 tum
263 1034 305 1075 D
326 1033 470 1074 incidit
489 1045 650 1074 succes·
1193 1038 1205 1072 ζ

155 1108 240 1150 sive
287 1107 332 1147 in
370 1105 454 1146 duo
493 1102 648 1161 quaevis
678 1013 1182 1194 CA

154 1178 345 1221 sectionis
379 1185 534 1231 puncta
570 1187 650 1214 im-

153 1252 322 1294 mobilia
354 1265 397 1305 p,
431 1249 480 1300 P,
518 1261 651 1303 punc-

153 1334 244 1368 tum
261 1324 415 1366 mobile
432 1322 485 1365 M
499 1319 654 1362 incidat

152 1398 380 1444 successive
414 1398 459 1439 in
500 1401 656 1452 puncta

154 1473 239 1514 duo
258 1468 486 1512 immobilia
504 1482 532 1508 n
553 1467 597 1508 N
617 1482 626 1507 :
657 1479 733 1520 per
753 1461 898 1506 eadem
916 1478 958 1515 n,
982 1464 1038 1513 N,
1071 1473 1218 1522 agatur
1236 1472 1350 1506 recta
1367 1478 1397 1505 n
1418 1464 1474 1516 N,
1491 1472 1533 1506 et
1545 1464 1637 1507 haec
1658 1465 1735 1507 erit
1752 1465 1869 1508 locus

154 1549 379 1600 perpetuus
392 1538 536 1596 puncti
561 1537 669 1578 illius
688 1534 852 1576 mobilis
874 1534 941 1578 M.
988 1535 1112 1586 Nam,
1136 1536 1170 1577 si
1182 1535 1274 1577 fieri
1292 1542 1442 1591 potest,
1463 1544 1650 1578 versetur
1668 1545 1870 1592 punctum

155 1615 209 1658 M
248 1614 293 1654 in
311 1610 420 1654 linez'i
440 1608 574 1666 aliqui
593 1606 730 1649 0111·νὲ.
771 1606 938 1663 Tanget
953 1621 1052 1663 ergo
1066 1614 1266 1662 punctum
1278 1608 1322 1649 D
1336 1606 1559 1648 sectionem
1580 1607 1766 1648 conicam
1794 1622 1870 1663 per

153 1692 309 1742 puncta
322 1683 502 1740 quinque
517 1680 568 1731 B,
588 1679 637 1730 C,
655 1679 710 1729 A,
726 1692 769 1733 p,
788 1677 825 1719 P
838 1685 1132 1729 transeuntem,
1150 1677 1222 1719 ubi
1235 1686 1436 1733 punctum
1453 1677 1507 1720 M
1519 1677 1723 1734 perpetuo
1738 1679 1871 1736 tangit

153 1757 308 1799 lineam
322 1767 502 1796 curvam.
564 1749 648 1794 Sed
660 1756 702 1791 et
715 1763 768 1791 ex
777 1749 864 1804 jam
880 1748 1169 1791 demonstratis
1190 1755 1333 1806 tanget
1353 1748 1476 1790 etiam
1494 1757 1696 1803 punctum
1715 1749 1761 1791 D
1782 1763 1870 1791 sec-

154 1828 311 1870 tionem
330 1819 516 1867 conicam
533 1836 610 1877 per
625 1819 770 1862 eadem
790 1819 970 1875 quinque
985 1826 1139 1874 puncta
1160 1819 1211 1871 B,
1245 1819 1295 1870 C,
1327 1819 1383 1870 A,
1413 1833 1457 1875 p,
1491 1819 1541 1870 P,
1571 1826 1867 1871 transeuntem,

159 1900 209 1956 (Ρ)
225 1898 298 1941 ubi
314 1903 516 1954 punctum
537 1893 590 1936 M
619 1888 822 1949 perpetuo
848 1890 980 1948 tangit
998 1889 1150 1933 lineam
1183 1898 1350 1932 rectam.
1411 1890 1528 1948 Ergo
1548 1889 1643 1932 duae
1663 1890 1869 1934 sectiones

823 1247 874 1269 „5-

877 1267 909 1283 ι,

911 1280 1002 1320 --------

1005 1318 1059 1341 .....

1061 1340 1116 1367 ⁸*x,

1119 1365 1180 1392 ......

1025 2034 1182 2076 pai-allelu,
1207 2043 1283 2076 ergo
1311 2044 1367 2073 per
1391 2039 1537 2066 naturam
1567 2033 1802 2072 Pnrallelarum,
1823 2039 1870 2066 est

1025 2079 1110 2110 lineo
1127 2078 1155 2108 P
1171 2077 1201 2108 T
1214 2076 1361 2117 pan-aneia
1374 2076 1465 2108 lineae
1482 2077 1511 2108 B
1529 2076 1571 2108 A.

1074 2119 1198 2152 Eodem
1226 2118 1319 2158 plane
1343 2119 1439 2150 modo
1467 2119 1729 2150 demonstrabitm·
1752 2118 1867 2150 lineam

1031 2164 1059 2195 C
1090 2163 1122 2193 A
1152 2172 1217 2192 esse
1249 2161 1436 2192 Parnllelam
1463 2161 1555 2192 lineae
1586 2162 1616 2193 P
1643 2162 1685 2194 R.
1744 2161 1870 2198 Quibus

1026 2205 1144 2246 positis,
1167 2204 1206 2235 sit
1220 2204 1314 2235 sectio
1332 2204 1450 2236 Conica
1463 2215 1519 2244 per
1544 2210 1661 2242 puncta
1677 2204 1717 2241 B,
1737 2205 1775 2241 C,
1794 2203 1822 2234 P
1836 2209 1870 2234 et

1030 2249 1062 2279 A
1077 2247 1238 2284 transiens,
1260 2246 1352 2277 lineae
1382 2247 1411 2278 B
1443 2247 1488 2284 D,
1529 2247 1556 2278 C
1587 2247 1620 2277 D
1639 2247 1731 2288 juxta
1758 2245 1866 2276 eondi-

1027 2290 1128 2321 tiones
1142 2290 1176 2320 in
1195 2290 1357 2320 Lemmate
1371 2290 1564 2329 praescriptas
1578 2289 1690 2326 ductae,
1713 2298 1866 2319 concursu

1028 2343 1086 2363 suo
1098 2333 1130 2363 D
1141 2338 1322 2371 percurrent
1330 2342 1399 2362 eam
1410 2332 1579 2362 sectionem
1591 2331 1760 2362 Conicam:
1786 2330 1866 2360 Pro-

1029 2374 1131 2405 ductis
1168 2374 1254 2404 enim
1292 2374 1382 2403 lineis
1398 2374 1427 2404 P
1443 2374 1481 2408 T,
1509 2374 1538 2404 P
1556 2374 1598 2410 R,
1635 2373 1735 2403 donec
1763 2378 1868 2404 secent

1029 2416 1126 2446 lineas
1158 2416 1184 2447 C
1203 2415 1300 2450 AQB
1331 2416 1371 2451 A,
1395 2416 1429 2446 in
1457 2416 1478 2446 S
1507 2421 1538 2446 et
1566 2416 1600 2451 Q
1625 2414 1680 2446 fiet
1703 2416 1868 2446 Par-allelo-

1026 2470 1204 2499 grammum
1217 2459 1248 2488 A
1264 2460 1288 2489 S
1300 2460 1331 2489 P
1349 2460 1384 2494 Q,
1400 2460 1480 2497 quod
1494 2460 1528 2488 in
1540 2458 1673 2497 Anguis
1682 2459 1745 2489 suis
1753 2458 1867 2497 omoni-

1030 2503 1067 2532 τῖε
1079 2503 1110 2531 Α
1121 2507 1147 2531 et
1162 2503 1192 2532 P
1202 2503 1299 2540 tangit
1310 2503 1467 2531 sectionem
1476 2501 1610 2531 combam
1619 2506 1647 2530 et
1657 2501 1800 2531 lateribus
1808 2511 1866 2531 ‹m-

1028 2545 1094 2584 guli
1109 2544 1141 2574 A
1147 2544 1303 2583 productis
1314 2545 1446 2574 occurrit
1459 2544 1555 2574 eidem
1568 2542 1730 2574 sectioniin
1739 2544 1772 2574 Β
1785 2549 1814 2573 et
1830 2545 1864 2579 C,

1030 2593 1059 2618 et
1067 2588 1153 2617 lineoe
1160 2587 1236 2622 BD,
1252 2587 1334 2617 CDa
1340 2587 1463 2626 punctis
1472 2587 1727 2616 occursuumBet
1738 2587 1867 2616 educta

1032 2627 1219 2670 (secundum
1228 2627 1418 2658 conditiones
1427 2627 1598 2659 Lemmafis
1603 2627 1734 2668 hujusce
1741 2626 1864 2666 XXI.)

1029 2673 1213 2702 abscindunt
1223 2682 1243 2701 a
1259 2664 1539 2711 Parallelogrammi
1551 2671 1693 2701 lateribus
1704 2672 1773 2705 1²8,
1791 2671 1822 2702 P
1839 2672 1866 2706 Q

1026 2720 1130 2754 partes
1146 2715 1176 2744 P
1192 2716 1226 2748 T,
1244 2716 1275 2744 P
1286 2716 1316 2744 R
1332 2725 1400 2754 quoe
1410 2720 1482 2745 sunt
1491 2715 1531 2743 ad
1545 2714 1672 2744 invicem
1679 2714 1714 2743 in
1727 2711 1799 2743 datd
1810 2724 1865 2743 ra-

965 2784 979 2799 ,
1031 2759 1110 2788 tione
1126 2758 1195 2798 (per
1205 2755 1495 2787 demonstrationem
1508 2754 1746 2786 Newtoniauam
1755 2755 1865 2796 hujus-

1031 2799 1082 2839 ce)
1095 2810 1162 2839 ergo
1179 2800 1248 2840 (per
1263 2802 1292 2828 2.
1310 2799 1427 2829 Casum
1442 2798 1532 2829 Lem.
1551 2796 1651 2836 XX.)
1662 2799 1864 2838 punctumD

1031 2843 1131 2882 tangit
1145 2843 1302 2872 sectionem
1319 2843 1461 2874 Conicam
1469 2851 1528 2881 per
1535 2845 1655 2880 puncta
1675 2846 1806 2882 quatuor
1820 2841 1862 2878 A,

1033 2886 1075 2921 B,
1095 2887 1129 2921 0,
1143 2886 1174 2915 P
1186 2890 1402 2915 transeuntem.

1077 2926 1166 2968 (Ρ).
1189 2928 1248 2958 Ubi
1257 2932 1409 2966 punctum
1424 2926 1472 2962 M,
1483 2923 1628 2974 perpetu&
1642 2927 1738 2966 tangis
1750 2927 1864 2957 lineam

1034 2975 1149 3000 rectam
1177 2979 1200 2999 n
1229 2969 1271 3005 N,
1295 2969 1350 2998 &c.
1382 2978 1457 2998 cum
1490 2977 1576 2998 emm
1598 2966 1786 3009 angulorum
1810 2968 1865 2999 da-

1035 3017 1140 3042 torum
1171 3011 1301 3047 ABC,
1327 3010 1460 3047 ACB,
1482 3009 1664 3041 lamnam
1686 3010 1865 3041 coincidunt

1036 3064 1111 3085 cum
1138 3052 1221 3084 recta
1252 3054 1279 3084 C
1311 3053 1352 3089 B,
1379 3058 1532 3092 punctum
1559 3053 1601 3090 A,
1634 3053 1765 3084 aliorum
1787 3053 1864 3084 late-

1036 3105 1109 3126 rum
1146 3096 1175 3126 B
1220 3095 1263 3132 A,
1303 3095 1329 3126 C
1371 3096 1413 3132 A,
1449 3075 1631 3134 intersectio,
1669 3096 1790 3126 locatur
1830 3095 1862 3125 in

1037 3137 1170 3168 sectione
1193 3137 1300 3169 conia&
1309 3138 1458 3178 perpolos
1470 3139 1508 3176 C,
1521 3138 1562 3175 B,
1576 3144 1771 3176 mseunte;
1787 3137 1862 3168 dum
