2158 3562
285 210 385 253 xviii
997 212 1296 256 EDITORIS

285 327 457 369 tandem
476 327 714 379 edocemur,
747 327 829 385 qua
850 327 1049 369 nimirum
1071 328 1164 386 lege
1183 328 1245 370 vis
1271 327 1482 385 gravitatis
1514 326 1726 370 decrescat
1756 327 1801 368 in
1824 325 1996 383 majori-

283 400 361 441 bus
377 415 403 442 a
416 400 566 443 tellure
587 401 806 443 distantiis,
871 401 983 443 Nam
1003 398 1099 443 cum
1118 401 1299 458 gravitas
1313 415 1399 442 non
1419 400 1582 443 diversa
1601 401 1693 442 sita
1707 401 1748 441 vi
1767 385 1996 455 centri'peta
2023 391 2026 393 ’

283 471 431 523 lunari,
462 472 554 514 haec
573 473 673 514 vere
694 473 746 515 sit
772 472 982 527 reciproce
1002 471 1322 527 proportionalis
1336 472 1536 528 quadrato
1555 471 1786 522 distantiae3
1817 471 1996 512 diminu-

283 550 376 586 etur
395 552 437 585 et
455 543 634 601 gravitas
654 543 698 584 in
719 543 861 585 eadem
885 543 1057 585 ratione.
1864 544 1867 546 ’
1994 548 1996 550 ’

342 617 669 674 Progrediamur
693 618 781 673 jam
813 617 866 658 ad
900 616 1088 672 planetas
1115 615 1309 672 reliquos.
1371 615 1581 666 Quoniam
1615 615 1890 658 revolutiones
1909 614 1997 671 pri-

281 689 508 748 mariorum
541 690 650 731 circa
685 689 815 730 solem
835 696 877 730 et
913 687 1252 729 secundariorum
1287 687 1396 728 circa
1413 687 1555 742 jovem
1586 695 1628 728 et
1659 694 1873 728 saturnum
1900 691 1998 727 sunt

280 760 560 816 phaenomena
598 760 762 818 generis
802 758 986 815 ejusdem
1006 773 1055 801 ac
1093 758 1296 801 revolutio
1325 758 1436 800 lunae
1456 759 1565 800 circa
1582 811 1587 814 .
1602 766 1768 809 terram,
1800 757 2002 814 quoniam'

279 832 408 889 porre
428 833 758 876 demonstratum
788 840 851 874 est
870 832 979 874 vires
1000 831 1248 886 centripetas
1268 831 1562 886 primariorum
1580 830 1704 888 dirigi
1723 829 1866 873 versus
1900 844 1998 872 cen-

279 914 391 948 trum
411 905 522 956 solis,
555 905 895 947 secundariorum
927 903 1070 946 versus
1091 912 1234 946 centra
1246 904 1354 960 jovis
1385 912 1427 946 et
1446 904 1614 955 saturni,
1647 901 1999 960 quemadmodum
2046 929 2050 934 ·

278 977 394 1020 lunae
424 978 485 1019 vis
525 977 754 1033 centripeta
792 976 935 1019 versus
974 985 1098 1019 terrae
1137 984 1326 1019 centrum
1365 977 1581 1035 dirigitur3
1612 976 1770 1028 adhaec,
1803 977 2000 1034 quoniam

281 1064 429 1111 omnes
448 1049 533 1090 illae
553 1049 659 1091 vires
681 1057 777 1090 sunt
796 1047 1007 1104 reciproce
1027 1056 1073 1090 ut
1094 1048 1296 1104 quadrata
1316 1048 1604 1091 distantiarum
1623 1064 1648 1090 a
1667 1048 1832 1099 centris,
1854 1048 2001 1104 quem-

280 1123 508 1164 admodum
539 1123 601 1165 vis
636 1123 747 1164 lunae
767 1130 831 1164 est
857 1129 904 1163 ut
935 1121 1183 1178 quadratum
1215 1121 1421 1163 distantiae
1445 1137 1471 1163 a
1501 1130 1634 1165 terra:
1666 1120 2000 1162 concludendum

279 1196 357 1238 erit
371 1187 547 1239 eandem
568 1212 657 1238 esse
692 1203 884 1237 naturam
903 1194 1118 1236 universis.
1179 1195 1327 1251 Itaque
1361 1202 1408 1235 ut
1444 1194 1544 1235 luna
1562 1194 1739 1251 gravitat
1757 1193 1800 1234 in
1829 1194 2012 1243 terram,
2037 1184 2042 1195 ⁷

279 1277 321 1311 et
335 1278 446 1312 terra
465 1271 645 1312 vicissim
665 1271 709 1311 in
728 1270 894 1321 lunam3
926 1270 985 1311 sic
1005 1270 1129 1312 etiam
1148 1269 1414 1326 gravitabunt
1433 1283 1576 1310 omnes
1598 1267 1830 1309 secundarii
1850 1266 1894 1308 in
1913 1265 2001 1322 pri-

280 1341 434 1398 marios
451 1357 559 1394 suos,
591 1349 633 1384 et
651 1342 838 1398 primarii
857 1341 1039 1384 vicissim
1051 1341 1095 1383 in
1116 1339 1381 1383 secundarios
1392 1354 1404 1389 ;
1435 1338 1493 1380 sic
1513 1346 1556 1381 et
1574 1353 1717 1380 omnes
1736 1337 1923 1393 primarii
1955 1336 2002 1378 in

284 1413 428 1464 solem,
460 1422 502 1456 et
522 1414 584 1455 sol
604 1413 784 1455 vicissim
804 1413 848 1454 in
867 1413 1101 1468 primarios.
1529 1422 1531 1424 ’

343 1485 480 1542 Igitur
500 1485 562 1527 sol
593 1486 638 1527 in
657 1485 845 1541 planetas
865 1486 1079 1527 universos
1110 1484 1288 1541 gravitat
1321 1491 1363 1526 et
1396 1484 1578 1526 universi
1610 1483 1654 1524 in
1686 1483 1829 1525 solem.
1890 1481 2003 1525 Nam

281 1557 515 1600 secundarii
549 1557 651 1598 dcun
684 1557 902 1612 primarios
937 1571 1034 1598 suos
1069 1555 1331 1606 comitantur,
1362 1555 1634 1596 revolvuntur
1667 1553 1827 1595 interea
1845 1551 2013 1594 eircum'

281 1630 412 1672 solem
433 1629 517 1672 una
536 1645 632 1672 cum
654 1630 874 1686 primariis.
938 1628 1101 1671 Eodem
1133 1628 1273 1684 itaque
1299 1635 1559 1684 argumento,
1595 1626 1809 1681 utriusque
1838 1625 2002 1681 generis

279 1701 459 1757 planetae
479 1702 687 1759 gravitant
706 1701 749 1742 in
771 1701 914 1751 solem,
948 1708 988 1742 et
1020 1699 1082 1741 sol
1117 1700 1161 1740 in
1187 1699 1312 1754 ipsos.
1376 1698 1651 1741 Secundarios
1682 1696 1782 1739 verb
1815 1696 2002 1751 planetas

280 1773 325 1813 in
345 1772 473 1814 solem
496 1773 701 1830 gravitare
722 1771 887 1814 abunde
907 1772 1077 1826 insuper
1104 1778 1266 1812 constat
1295 1784 1348 1811 ex
1381 1769 1727 1826 inaequalitatibus
1761 1767 2002 1816 lunaribus3

282 1861 462 1902 quarum
497 1845 845 1887 accuratissimam
876 1844 1092 1894 theoriam,
1125 1842 1370 1884 admiranda
1403 1841 1623 1898 sagacitate
1657 1839 1918 1896 patefactam,
1958 1839 2003 1880 in

282 1918 406 1960 tertio
426 1918 549 1974 hujus
570 1918 708 1973 operis
728 1916 836 1958 libro
865 1915 1098 1971 expositam
1117 1914 1331 1955 habemus.
1374 1959 1377 1960 ⁷

342 1989 451 2031 Solis
473 1989 666 2031 virtutem
692 1989 951 2031 attractivam
972 2001 1308 2045 quoquoversum
1327 1986 1550 2043 propagari
1573 1985 1627 2027 ad
1655 1985 1844 2042 ingentes
1871 1997 2003 2039 usque

282 2061 511 2112 distantias,
544 2069 585 2103 et
605 2076 695 2103 sese
716 2060 948 2102 diffundere
969 2059 1023 2101 ad
1057 2058 1240 2116 singulas
1275 2057 1527 2112 circumjecti
1547 2056 1668 2111 spatii
1698 2063 1851 2111 partes,
1883 2067 2004 2109 aper-

282 2133 438 2176 tissime
459 2134 600 2191 colligi
633 2141 772 2188 potest
805 2148 858 2174 ex
888 2140 1006 2174 motu
1028 2139 1309 2180 cometarum3
1341 2130 1412 2186 qui
1441 2129 1494 2170 ab
1527 2127 1740 2169 immensis
1778 2125 2015 2167 intervallis·

282 2207 458 2263 profecti
481 2207 670 2249 feruntur
689 2207 733 2247 in
762 2205 954 2247 viciniam
974 2205 1084 2255 solis,
1107 2212 1149 2246 et
1167 2217 1468 2259 nonnunquam
1497 2200 1602 2242 adef)
1627 2199 1682 2241 ad
1700 2199 1837 2255 ipsum
1855 2197 2003 2252 proxi-

284 2281 351 2322 me
385 2281 587 2323 accedunt
616 2288 663 2322 ut
693 2280 866 2338 globum
902 2280 1003 2335 ejus,
1034 2278 1078 2319 in
1112 2276 1321 2332 periheliis
1354 2275 1435 2328 suis
1470 2280 1691 2322 versantes,
1723 2267 1885 2311 tantum
1915 2283 2003 2311 non

286 2355 528 2412 contingere
548 2355 778 2396 videantur.
841 2353 1012 2395 Horum
1046 2352 1251 2394 theoriam
1283 2351 1335 2392 ab
1369 2348 1613 2392 astronomis
1637 2344 1811 2387 antehac
1848 2343 2022 2397 frustra·

287 2427 514 2483 quaesitam,
546 2434 690 2468 nostro
711 2425 879 2467 tandem
900 2423 1053 2466 saeculo
1087 2422 1260 2464 faciliter
1289 2422 1498 2462 inventam
1517 2426 1559 2459 et
1586 2431 1662 2472 per
1693 2415 2001 2458 observationes

287 2497 509 2539 certissime
530 2498 866 2548 demonstratam,
897 2495 1237 2552 praestantissimo
1268 2499 1411 2533 nostro
1442 2489 1601 2531 auctori
1623 2488 1846 2530 debemus.
1879 2488 2002 2531 Patet

287 2569 413 2626 igitur
434 2578 613 2612 cometas
633 2569 677 2610 in
695 2568 945 2610 sectionibus
981 2565 1135 2608 conicis
1156 2563 1371 2605 umbilicos
1410 2562 1454 2602 in
1474 2568 1618 2603 centro
1639 2560 1736 2602 solis
1751 2559 2001 2603 habentibus

289 2641 457 2691 moveri,
490 2649 531 2683 et
565 2624 689 2683 radiis
724 2639 777 2680 ad
806 2638 937 2680 solem
971 2635 1104 2678 ductis
1135 2649 1250 2689 areas
1282 2632 1536 2688 temporibus
1567 2631 1898 2687 proportionales
1927 2632 2003 2675 de-

290 2712 481 2754 scribere.
525 2713 593 2754 Ex
611 2712 726 2754 hisce
741 2711 839 2753 vere
859 2707 1143 2766 phaenomenis
1163 2705 1422 2749 manifestum
1444 2712 1506 2747 est
1520 2712 1562 2747 et
1579 2703 1867 2746 mathematice
1887 2719 2002 2747 com·

290 2783 502 2838 probatur,
534 2784 639 2825 vires
660 2783 764 2835 illas,
796 2781 945 2839 quibus
966 2786 1138 2822 cometae
1170 2778 1400 2820 retinentur
1419 2777 1463 2818 in
1498 2775 1640 2818 orbitis
1668 2776 1766 2827 suis,
1796 2776 2019 2832 respicere

291 2853 419 2895 solem
439 2862 481 2895 et
501 2868 589 2895 esse
610 2853 819 2910 reciproce
840 2861 886 2895 ut
906 2851 1106 2909 quadrata
1125 2850 1413 2892 distantiarum
1426 2849 1479 2891 ab
1498 2848 1798 2904 ipsiusvcentrO.
1849 2849 2017 2891 Gravi--

292 2933 381 2967 tant
400 2926 538 2983 itaque
559 2934 729 2968 cometae
750 2927 793 2967 in
814 2925 965 2968 solem:
998 2931 1121 2980 atque
1152 2922 1257 2965 adee
1277 2922 1372 2964 solis
1393 2921 1453 2963 vis
1483 2911 1696 2963 attractiva
1723 2935 1808 2963 non
1840 2921 2016 2966 tantum.

293 2998 347 3041 ad
367 3014 542 3055 corpora
560 2998 820 3055 planetarum
839 2999 883 3041 in
896 2998 1002 3041 datis
1023 2996 1225 3040 distantiis
1241 3004 1282 3044 et
1312 2995 1522 3054 in—eodem
1541 2995 1625 3038 fere
1645 2995 1771 3051 plano
1786 2995 2015 3048 collocata,
