2086 3542
306 258 389 296 290
714 249 1163 293 PHILOSOPHIAE
1195 243 1555 292 NATURALIS
1653 257 1801 309 [Mo-r.
1818 261 2015 305 Commu,

576 441 956 485 PROPOSITIO
987 441 1086 483 LII.
1149 439 1494 483 PROBLEMA
1523 439 1748 484 XXXIV.

305 557 486 611 Definire
504 562 542 598 et
561 556 780 597 velocitates
791 554 1051 609 pendulorum
1071 554 1115 594 in
1133 553 1227 594 locis
1245 554 1423 608 singulis,
1445 559 1482 594 et
1501 559 1674 607 tempora
1695 554 1832 608 quibus
1851 559 1931 596 tum
1949 566 2013 597 os-
2056 607 2060 610 ²

307 647 326 664 s
475 627 693 668 cilloetiones
712 631 816 675 totae,
839 630 917 665 tum
936 624 1100 678 singulae
1113 624 1396 664 oscillationum
1407 629 1546 676 partes
1560 630 1818 680 peraguntur.

306 745 311 750 ’
364 742 522 784 Centro
542 738 686 797 quovis
709 739 765 790 G,
787 736 1004 782 intervallo
1026 736 1068 778 G
1091 736 1141 778 H
1160 735 1356 792 cycloidis
1386 751 1528 778 arcum
1560 738 1601 780 R
1623 739 1652 781 S
1681 747 1883 795 aequante,
1914 739 2008 782 des·

303 811 414 854 cribe
435 809 738 854 semicirculum
760 808 809 850 H
833 805 875 849 K
898 805 1274 867 Musemidiarnetro
1297 807 1340 849 G
1362 806 1404 848 K
1424 807 1637 850 bisectum.
1698 804 1755 851 Et
1782 810 1816 851 si
1835 810 1895 852 vis
1914 823 2009 853 cen-

1548 1167 1590 1207 K

1180 1601 1245 1649 M
1529 1609 1566 1657 G
1644 1621 1742 1665 *L
1840 1603 1955 1655 YH

296 1946 684 2003 tripetaedistantiis
704 1946 892 1990 locorum
914 1963 939 1990 a
958 1957 1100 1991 centro
1118 1949 1450 2005 proportionalis,
1481 1948 1624 1990 tendat
1652 1947 1706 1989 ad
1734 1954 1920 1989 centrum
1941 1947 1998 1998 G,

299 2018 434 2074 sitque
455 2032 504 2059 ea
522 2017 566 2058 in
585 2017 809 2072 perimetro
831 2018 881 2060 H
902 2019 924 2060 I
947 2019 989 2060 K
1017 2020 1185 2075 aequalis
1217 2020 1257 2060 vi
1288 2020 1526 2074 centripetae
1558 2019 1603 2060 in
1632 2018 1854 2073 perimetro
1886 2016 2000 2074 globi

313 2141 316 2145 “
342 2143 442 2175 Simili
456 2143 616 2175 ratiocinio
630 2144 806 2175 invenietur
820 2144 951 2184 aequatio
965 2144 1004 2175 ad
1026 2144 1127 2185 epicy-
1171 2150 1277 2176 centro
1292 2145 1325 2175 V
1339 2147 1354 2165 ²
1372 2158 1379 2176 z
1398 2158 1418 2177 v
1432 2150 1447 2167 2
1462 2161 1508 2177 =
1525 2152 1545 2178 2
1562 2148 1597 2178 H
1617 2148 1646 2178 A
1663 2160 1670 2179 z
1691 2148 1720 2178 B
1738 2147 1783 2182 H,
1800 2153 1831 2177 et
1845 2144 1878 2173 V
1892 2155 1901 2175 ε
1920 2154 1938 2174 v
1951 2155 1998 2174 ==

296 2186 430 2218 cloidem
445 2186 507 2216 sive
519 2186 689 2227 cycloidem
703 2194 789 2217 extra
803 2186 932 2227 globum
946 2186 1129 2226 descriptam
1173 2190 1216 2229 ,ν
1235 2191 1255 2218 2
1271 2188 1307 2219 Η
1326 2188 1356 2219 Λ
1373 2199 1381 2219 :
1402 2192 1443 2232 4!
1462 2191 1491 2221 Β
1510 2191 1555 2222 Η.
1607 2189 1711 2226 Quare
1725 2190 1803 2220 datis
1815 2189 1849 2220 in
1869 2186 1939 2218 1⁰00
1962 2185 1998 2220 H

295 2228 425 2260 inversis
439 2228 636 2259 solummodo
650 2229 788 2259 terminis
803 2235 834 2259 et
847 2229 943 2269 signis
963 2235 999 2260 ut
1013 2229 1052 2260 sit
1065 2240 1086 2269 p
1107 2240 1128 2269 p

357 2281 375 2301 c
389 2272 406 2290 ²
421 2281 442 2301 x
456 2269 473 2290 ²
489 2284 533 2296 ...
546 2282 564 2301 a
577 2273 594 2290 '²
610 2281 627 2301 c
640 2272 658 2290 ²

425 2333 443 2353 c
457 2325 474 2342 ²
487 2340 530 2347 -—
546 2333 565 2354 a
578 2324 594 2341 ²

338 2367 411 2396 467.
433 2366 573 2397 Lemma.
604 2364 658 2395 Ad
671 2370 824 2403 punctum
843 2365 873 2396 G
884 2365 990 2396 tendat
998 2366 1043 2396 vis
1053 2376 1125 2397 cen-

296 2406 408 2446 tripeta
435 2407 587 2449 distantiae
612 2409 651 2438 ab
673 2406 729 2444 illo
751 2414 867 2445 puncto
892 2409 1126 2446 proportionalis

297 2459 391 2489 quam
405 2449 437 2479 in
452 2449 528 2479 locis
544 2446 591 2486 H,
609 2450 638 2479 L
653 2448 817 2479 exhibeant
831 2449 920 2480 lineae
938 2450 972 2480 H
992 2451 1031 2487 Β,
1045 2451 1073 2482 L
1092 2451 1124 2481 D

296 2497 388 2522 rectae
403 2492 433 2522 G
447 2492 481 2522 H
495 2491 770 2531 perpendiculares,
787 2491 885 2532 sitque
900 2499 981 2523 recta
999 2493 1029 2524 G
1048 2494 1079 2523 D
1095 2494 1124 2524 B

296 2533 384 2564 locus
397 2539 584 2574 punctorum
598 2535 636 2571 B,
655 2534 697 2567 D,
723 2534 861 2572 capiatur
885 2534 919 2564 H
939 2535 969 2565 A
985 2535 1025 2565 ad
1042 2536 1076 2565 H
1096 2536 1124 2566 B

297 2581 334 2606 ut
347 2575 393 2606 vis
407 2576 575 2615 centripeta
595 2581 738 2606 constans
758 2575 798 2606 ad
820 2577 883 2606 vim
896 2577 1071 2607 variabilem
1091 2578 1126 2607 in

297 2617 366 2648 loco
379 2618 452 2648 dato
468 2618 514 2655 Η,
530 2624 562 2649 et
575 2624 685 2659 agatur
702 2619 732 2648 A
752 2618 781 2648 G
801 2626 891 2649 rectae
918 2619 954 2649 H
974 2620 1004 2650 G
1026 2620 1125 2658 paral-

297 2659 358 2690 lela
371 2660 484 2691 lineam
501 2660 530 2691 L
548 2661 580 2691 D
596 2670 700 2690 secans
714 2661 748 2690 in
766 2661 801 2695 C,
819 2661 857 2690 de
872 2661 940 2691 loco
957 2661 993 2691 H
1015 2661 1127 2692 cadant

297 2711 425 2741 corpora
438 2702 510 2738 duo,
526 2712 659 2743 quorum
673 2702 804 2733 alterum
820 2703 849 2732 vi
861 2709 1018 2733 constante
1033 2704 1067 2733 H
1083 2706 1124 2740 A,

297 2744 429 2775 alterum
453 2745 484 2775 vi
508 2744 645 2776 variabili
673 2745 709 2775 H
728 2745 756 2775 B
782 2745 830 2775 vel
855 2745 884 2775 L
911 2746 943 2776 D
968 2752 1125 2786 urgeatur,

297 2787 418 2826 sintque
431 2786 556 2818 illorum
571 2786 745 2817 velocitates
759 2787 792 2816 in
814 2787 922 2817 eodem
943 2787 1010 2817 loco
1026 2787 1065 2824 L,
1085 2787 1124 2824 V,

297 2838 326 2865 v,
343 2829 445 2859 eterit
460 2829 491 2859 V
506 2831 521 2848 ²
536 2829 608 2860 adv
623 2831 650 2866 ²,
666 2835 702 2859 ut
717 2829 840 2868 arealH
858 2831 888 2860 A
906 2830 932 2860 C
950 2829 978 2859 L
1000 2829 1039 2859 ad
1061 2839 1127 2859 are-

298 2881 347 2901 am
368 2871 400 2901 H
421 2872 449 2902 B
468 2871 502 2902 D
519 2872 558 2909 L,
584 2873 652 2910 (per
669 2871 762 2910 Prop.
781 2875 833 2903 39.
852 2877 883 2902 et
897 2877 960 2902 not.
980 2870 1071 2910 408.)
1094 2871 1127 2901 id

297 2913 1123 2951 estV22v²=HL><HA=HL><

303 2955 599 3011 BHssDL=
653 2981 866 3012 HA·BH
946 2981 1034 3011 DL·
1084 2981 1127 3012 Et
1171 2940 1994 3008 viribusHA‚HB,etvelociiaoeinloooquoffl
2044 2945 2046 2947 Ι
2082 2967 2086 2979 ⁴

408 3010 427 3035 2
616 2986 636 3012 2
755 3004 762 3012 ’
883 2981 925 3024 ÷
1173 3007 1202 3038 L
1218 3007 1265 3037 vel
1285 3007 1315 3038 G
1332 3007 1360 3037 vi
1382 3014 1538 3038 constante
1559 3008 1713 3048 acquisita,
1736 3008 1828 3039 datur
1850 3007 1994 3040 velodtu

299 3047 447 3089 quoniam
463 3047 495 3078 in
511 3056 616 3080 centro
634 3050 664 3080 G
681 3049 832 3081 evanescit
850 3049 880 3080 D
898 3049 927 3080 L
943 3049 999 3079 erit
1020 3049 1053 3079 in
1074 3048 1128 3079 illo
1170 3050 1201 3080 vi
1215 3049 1350 3080 variabili
1365 3050 1397 3079 in
1412 3050 1519 3081 codem
1535 3050 1603 3081 loco
1617 3050 1771 3092 acquisita.
