2086 3542
176 224 326 268 Lmen
347 226 568 279 Palmum]
633 228 983 272 ‹PRINCIPIA
1012 229 1508 275 MATHEMATICA.

1801 238 1881 287 327

174 341 190 391 ζ
190 354 268 394 per
286 340 426 397 legum
449 341 590 384 Corol.
613 342 710 395 VI.)
740 358 788 384 ac
808 344 842 385 si
862 343 930 390 hae
949 343 1213 385 attractiones
1233 344 1502 399 tollerentur.·
1549 343 1610 387 Et
1624 346 1716 402 pari
1730 349 1888 403 ratione

172 425 208 452 ει
227 413 418 455 attractio
439 414 470 455 S
491 413 535 454 N
554 414 692 455 minor
711 423 818 457 esset
837 416 1080 457 attractione
1096 416 1127 458 S
1143 415 1211 466 M,
1226 415 1390 458 tolleret
1409 418 1500 472 ipsa
1518 419 1774 461 attractionis
1791 421 1820 462 S
1838 420 1888 475 M

170 489 333 536 partem
354 484 384 524 S
405 483 461 533 N,
483 491 525 524 et
543 493 730 526 maneret
748 500 847 540 pars
867 485 955 527 sola
976 486 1029 528 M
1050 486 1106 537 N,
1129 484 1210 542 qua
1230 481 1466 541 temporum
1497 496 1539 530 et
1570 503 1757 530 arearum
1790 505 1888 545 pro-

169 552 454 607 portionalitas
474 561 517 594 et
535 554 681 596 orbitae
701 555 836 597 forma
854 555 927 596 illa
946 556 1127 611 elliptica
1155 556 1481 612 perturbaretur.
1542 558 1600 600 Et
1633 559 1818 601 similiter
1852 563 1887 603 si

170 624 359 665 attractio
381 625 412 666 S
433 625 476 666 N
505 627 637 682 major
666 635 772 669 esset
801 629 1044 670 attractione
1080 629 1110 670 S
1131 629 1196 679 M,
1235 629 1417 671 oriretur
1448 624 1515 671 ex'
1536 631 1767 680 differentia
1802 633 1886 675 sola

171 693 224 736 M
245 694 288 735 N
305 695 562 749 perturbatio
581 698 978 752 proportionalitatis
998 707 1040 740 et
1059 699 1218 741 orbitae.
1284 699 1353 741 Sic
1379 715 1456 755 per
1484 702 1768 743 attractionem
1794 704 1823 745 S
1845 704 1887 744 N

168 764 378 806 reducitur
398 781 560 821 semper
579 769 767 810 attractio
795 770 917 810 tertia
947 770 1135 824 superior
1158 771 1188 812 S
1210 770 1262 812 M
1282 770 1335 811 ad
1356 772 1643 819 attractionem
1665 772 1717 814 M
1738 773 1794 823 N,
1825 782 1886 815 at-

167 835 367 877 tractione
388 837 520 891 prima
542 845 584 879 et
605 838 785 880 secunda
814 840 1078 881 manentibus
1107 854 1278 894 prorsus
1309 841 1561 883 immutatis:
1595 850 1636 883 et
1664 851 1886 897 propterea

166 921 275 948 areae
296 922 344 948 ac
364 916 551 963 tempora
572 909 625 950 ad
645 902 1085 964 proportionalitatem,
1115 918 1156 952 et
1175 911 1310 952 orbita
1331 912 1368 959 P.
1388 912 1430 953 A
1452 912 1490 954 B
1511 912 1564 954 ad
1583 912 1757 954 sormam
1778 928 1886 968 prae-

167 977 293 1029 fatam
315 977 537 1034 ellipticam
564 988 653 1021 tum
682 981 862 1022 maxime
891 981 1105 1031 accedunt,
1141 981 1213 1022 ubi
1244 982 1435 1023 attractio
1456 982 1509 1024 M
1531 983 1575 1025 N
1594 983 1658 1024 vel
1678 984 1792 1025 nulla
1812 992 1884 1036 est,

166 1048 233 1089 vel
254 1063 377 1104 quam
398 1049 488 1090 fieri
507 1051 640 1104 possit
658 1051 854 1101 minima3
885 1051 965 1092 hoc
986 1059 1060 1103 est,
1093 1052 1165 1092 ubi
1197 1066 1420 1107 corporum
1443 1053 1479 1094 P
1498 1061 1541 1094 et
1560 1053 1602 1094 T
1623 1055 1886 1096 attractiones

166 1121 485 1172 acceleratrices,
508 1122 627 1163 factae
646 1122 790 1164 versus
812 1139 963 1178 corpus
997 1126 1039 1174 S,
1073 1124 1276 1165 accedunt
1305 1124 1505 1180 quantum
1540 1126 1630 1167 fieri
1663 1135 1801 1181 potest
1832 1128 1887 1169 ad

165 1190 468 1247 aequalitatem3
500 1192 543 1233 id
564 1200 638 1244 est,
661 1193 733 1234 ubi
753 1195 943 1235 attractio
966 1195 996 1236 S
1019 1195 1061 1236 N
1081 1209 1167 1235 non
1187 1203 1249 1236 est
1267 1195 1394 1246 nuHa,
1415 1210 1551 1251 neque
1566 1197 1702 1237 minor
1716 1198 1885 1240 minimi

165 1261 457 1303 attractionum
476 1263 663 1304 omnium
685 1264 716 1304 S
737 1263 802 1313 M,
825 1263 899 1305 sed
914 1264 1022 1305 inter
1037 1264 1328 1306 attractionum
1344 1265 1530 1306 omnium
1547 1265 1579 1307 S
1594 1265 1646 1307 M
1660 1267 1886 1310 maximam

165 1338 208 1373 et
226 1332 439 1373 minimam
459 1334 576 1389 quasi
595 1334 841 1385 mediocris;
872 1335 953 1376 hoc
972 1343 1048 1386 est,
1070 1349 1155 1376 non
1174 1335 1307 1377 multo
1325 1337 1458 1391 major
1486 1351 1621 1393 neque
1651 1337 1783 1379 multo
1808 1353 1885 1380 ml-

164 1417 245 1444 nor
264 1405 507 1447 attractione
530 1407 560 1448 S
583 1406 638 1447 K.
700 1406 755 1456 Q.
777 1422 811 1448 e.
833 1406 874 1449 d.
1503 1418 1534 1441 Τ

206 1467 316 1519 Cas.
349 1483 389 1519 2.
422 1477 472 1532 (¹¹)
506 1479 790 1523 Revolvantur
803 1483 890 1538 jam
912 1496 1088 1539 corpora
1107 1483 1270 1526 minora
1291 1484 1339 1536 P,
1364 1485 1395 1526 S
1415 1484 1524 1526 circa
1540 1485 1768 1526 maximum
1785 1486 1827 1527 T
1842 1486 1885 1527 in

164 1547 300 1603 planis
320 1548 518 1600 diversis3
550 1559 591 1591 et
610 1552 670 1593 vis
687 1553 721 1593 L
737 1552 799 1603 M,
824 1555 986 1611 agendo
1006 1555 1234 1597 secundum
1254 1556 1407 1597 lineam
1424 1556 1460 1597 P
1474 1556 1516 1597 T
1530 1556 1574 1596 in
1593 1556 1719 1610 plano
1739 1556 1885 1598 orbitoe

165 1618 202 1660 P
223 1618 264 1659 A
288 1618 326 1660 B
346 1619 478 1670 sitam,
503 1621 679 1663 eundem
700 1623 870 1665 habebit
890 1625 1081 1666 effectum
1102 1640 1152 1667 ac
1170 1626 1299 1681 prius,
1322 1640 1458 1680 neque
1473 1640 1624 1681 corpus
1641 1626 1677 1668 P
1692 1626 1744 1668 de
1758 1626 1885 1681 plano

161 1687 308 1729 orbitae
329 1704 416 1730 suae
436 1690 687 1734 deturbabit.
720 1693 763 1748 (¹)
794 1695 854 1735 At
874 1694 934 1734 vis
954 1695 1086 1736 altera
1105 1695 1148 1737 N
1172 1695 1240 1746 M,
1274 1695 1436 1751 agendo
1469 1695 1697 1755 secundum
1731 1696 1885 1738 lineam

161 1772 255 1813 quae
274 1758 355 1813 ipsi
377 1760 408 1802 S
429 1759 470 1800 T
492 1761 691 1815 parallela
722 1771 786 1804 est
816 1767 957 1820 (atque
982 1764 1092 1816 ideo,
1128 1765 1296 1820 quando
1325 1779 1476 1820 corpus
1499 1765 1530 1807 S
1549 1772 1736 1806 versatur
1769 1773 1887 1807 extra

159 1829 311 1872 lineam
333 1831 555 1885 nodorum,
587 1833 809 1876 inclinatur
838 1835 891 1876 ad
918 1835 1092 1891 planum
1112 1836 1259 1876 orbitoe
1283 1836 1318 1876 P
1338 1836 1380 1877 A
1403 1836 1458 1887 B)
1487 1844 1641 1889 praeter
1668 1837 1887 1890 perturba-

160 1900 316 1942 tionem
334 1910 473 1943 motus
493 1903 535 1943 in
556 1903 860 1961 longitudinem
875 1907 965 1962 jam
981 1913 1078 1948 ante
1093 1906 1336 1961 expositam,
1354 1905 1516 1946 inducer
1533 1906 1888 1960 perturbationem

160 1979 296 2012 motus
315 1971 359 2012 in
375 1972 654 2025 latitudinem,
676 1975 884 2017 trahendo
906 1991 1058 2031 corpus
1081 1977 1116 2018 P
1137 1977 1189 2017 de
1208 1976 1335 2030 plano
1367 1990 1455 2017 suae
1485 1975 1645 2016 orbitae.
1706 1976 1764 2017 Et
1797 1976 1889 2018 haec

161 2043 434 2098 perturbatio,
458 2044 501 2084 in
522 2044 620 2085 dato
642 2046 786 2101 quovis
807 2062 1031 2101 corporum
1054 2047 1090 2088 P
1110 2055 1153 2088 et
1172 2047 1214 2088 T
1233 2046 1288 2088 ad
1308 2046 1484 2090 invicem
1517 2045 1610 2095 situ,
1643 2046 1722 2087 erit
1750 2054 1798 2088 ut
1827 2047 1888 2088 vis

155 2113 228 2154 illa
247 2126 454 2169 generans
476 2113 528 2155 M
552 2114 608 2164 N,
631 2115 811 2172 ideoque
832 2116 1005 2157 minima
1026 2115 1173 2157 evadet
1192 2115 1264 2157 ubi
1286 2114 1337 2156 M
1359 2115 1403 2156 N
1423 2123 1485 2155 est
1503 2114 1687 2165 minima,
1717 2115 1799 2157 hoc
1827 2124 1889 2158 est

159 2185 238 2240 (uti
252 2185 341 2240 jam
370 2185 563 2239 exposui)
596 2187 668 2227 ubi
697 2188 888 2229 attractio
912 2189 943 2230 S
965 2188 1008 2230 N
1029 2202 1114 2228 non
1149 2194 1210 2228 est
1242 2186 1376 2228 multo
1406 2186 1550 2243 major,
1586 2200 1720 2242 neque
1755 2188 1887 2230 multo

155 2256 290 2298 minor
308 2256 552 2298 attractione
574 2257 604 2298 S
627 2257 682 2299 K.
744 2258 800 2308 Q.
821 2254 856 2300 e.
878 2258 920 2300 d.

203 2351 252 2395 (ἱ)
274 2355 347 2385 497.
371 2355 436 2386 Cas.
452 2357 482 2385 2.
510 2353 648 2385 Planum
664 2354 694 2385 Τ
711 2356 741 2386 Ε
761 2357 782 2387 S
798 2355 829 2385 E
845 2365 917 2386 cum
939 2357 1000 2386 hu-

155 2396 210 2437 jus
219 2396 382 2426 schematis
390 2396 484 2435 plano
495 2407 667 2438 congruere
677 2406 879 2438 supponatur,
894 2399 1001 2429 orbitae

160 2436 232 2468 vero
260 2437 288 2467 P
312 2438 341 2468 A
369 2439 398 2468 B
424 2439 554 2478 planum
580 2439 677 2469 altera
698 2441 747 2470 sui
773 2448 868 2480 parte,
894 2451 924 2471 v.
951 2451 997 2481 gr.

162 2480 189 2511 C
207 2482 235 2510 A
258 2479 291 2510 D
306 2479 399 2519 supra
413 2481 544 2519 planum
559 2482 587 2511 T
607 2482 637 2512 E
656 2483 678 2513 S
695 2483 724 2512 E
742 2484 890 2520 eminere,
907 2490 937 2513 et
957 2484 1003 2513 al-

158 2519 226 2554 tera
250 2527 334 2561 parte
358 2523 391 2552 D
409 2523 438 2552 B
457 2524 483 2554 C
509 2523 590 2554 infra
613 2525 742 2564 planum
759 2526 786 2554 T
804 2526 833 2556 E
853 2526 874 2556 S
891 2525 920 2558 E
945 2526 1000 2556 de-

160 2564 253 2604 primi
281 2564 484 2605 intelligatur,
510 2565 593 2596 linea
617 2574 699 2597 recta
723 2568 759 2601 D
778 2569 804 2599 C
830 2569 1004 2598 communis

160 2607 329 2646 planorum
343 2607 371 2637 Τ
390 2607 420 2637 Ε
439 2608 461 2638 S
477 2608 507 2638 Ε
523 2613 554 2638 et
570 2608 598 2638 P
615 2611 646 2639 A
664 2610 693 2639 B
716 2611 898 2647 intersectio,
921 2610 1002 2640 linea

162 2648 318 2678 nodorum
335 2649 459 2686 dicitur,
482 2657 513 2680 et
527 2650 611 2680 illius
625 2658 762 2683 extrema
784 2659 900 2692 puncta
925 2653 958 2683 D
971 2660 1002 2683 et

164 2690 191 2721 C
217 2690 292 2720 nodi
318 2692 522 2731 appellantur.
570 2693 655 2723 Nodi
677 2695 726 2724 vel
748 2701 863 2734 puncta
886 2695 1002 2735 quaevis

165 2733 209 2769 D,
229 2733 254 2763 C
271 2732 418 2764 dicuntur
433 2745 498 2764 esse
513 2734 546 2764 in
561 2735 753 2775 quadraturis
772 2747 826 2767 seu
842 2744 1001 2776 aspectum

159 2774 347 2815 quadratum
375 2777 512 2807 obtinere
538 2784 677 2816 respectu
704 2779 839 2818 corporis
867 2780 898 2816 S,
925 2779 1002 2809 dum

159 2823 236 2846 sunt
249 2817 283 2846 in
298 2816 380 2847 linea
395 2819 478 2848 recta
491 2819 531 2849 ad
553 2820 575 2849 S
591 2820 619 2849 Τ
641 2820 673 2849 in
695 2828 812 2859 puncto
828 2821 855 2851 T
871 2832 1000 2861 perpen-

160 2858 302 2894 diculari,
321 2860 403 2898 quod
420 2860 453 2889 in
467 2861 526 2891 hoc
542 2871 616 2892 casu
631 2872 742 2901 corpus
760 2864 781 2894 S
798 2870 830 2894 et
851 2870 1002 2902 punctum

163 2901 189 2931 C
205 2900 254 2930 vel
270 2900 304 2931 D
324 2903 384 2931 sub
398 2903 516 2942 angulo
531 2911 615 2934 recto
638 2905 677 2935 de
701 2905 770 2935 loco
785 2906 813 2935 T
829 2905 998 2936 videantur.

162 2942 194 2973 Si
210 2952 304 2981 super
318 2941 403 2973 linea
421 2944 441 2974 S
459 2945 488 2975 T
502 2953 640 2976 erectum
658 2947 851 2988 intelligatur
871 2948 1001 2987 planum

159 2985 252 3023 plano
266 2985 295 3014 T
313 2985 342 3015 E
365 2985 387 3015 S
404 2986 434 3016 E
449 2988 600 3023 verticale„
616 2989 739 3029 sintque
755 2997 870 3029 puncta
885 2992 913 3020 A
926 2996 958 3020 et
971 2990 999 3019 B

158 3028 191 3057 in
214 3027 267 3057 illo
290 3026 385 3067 plano
410 3029 554 3066 verticuli,
575 3031 605 3060 A
621 3032 748 3071 quidem
773 3033 853 3062 inter
875 3042 1001 3072 corpora

1046 2357 1067 2387 S
1083 2363 1113 2387 et
1129 2356 1180 2394 T;
1215 2356 1245 2386 B
1270 2354 1344 2390 vert}
1368 2354 1450 2386 ulmi
1475 2354 1515 2391 T,
1543 2359 1695 2394 punctum
1717 2357 1745 2386 A
1771 2356 1884 2389 dicitur

1044 2409 1108 2429 esse
1123 2399 1156 2428 in
1171 2398 1400 2439 conjunctione,
1425 2404 1456 2427 et
1477 2404 1630 2436 punctum
1656 2398 1684 2428 B
1707 2398 1740 2427 in
1762 2401 1884 2438 opposi-

1043 2442 1128 2471 tione
1143 2447 1281 2479 respectu
1297 2449 1460 2479 corporum
1478 2439 1500 2470 S
1515 2446 1545 2469 et
1563 2440 1613 2476 T;
1637 2446 1667 2469 et
1677 2440 1743 2470 loca
1757 2442 1785 2470 A
1796 2449 1827 2471 et
1841 2443 1881 2478 B,

1046 2483 1205 2513 communi
1219 2483 1347 2512 nemine
1368 2481 1490 2522 syzigiae
1513 2489 1670 2511 vocantur.
1718 2483 1828 2514 Motus
1848 2485 1882 2515 in

1046 2525 1274 2565 longitudinem
1284 2531 1329 2554 est
1338 2535 1400 2564 quo
1409 2534 1520 2563 corpus
1530 2523 1685 2554 revolvens
1698 2525 1726 2555 P
1736 2535 1754 2555 a
1766 2533 1882 2564 puncto

1047 2578 1112 2597 suae
1127 2567 1234 2597 orbitae
1249 2566 1331 2603 dato,
1346 2577 1373 2596 v.
1394 2575 1477 2606 gna
1499 2571 1616 2604 puncto
1642 2566 1668 2596 C
1691 2567 1806 2597 recedit
1827 2579 1883 2608 per

1048 2610 1073 2640 C
1086 2610 1114 2640 P
1129 2610 1157 2639 A
1172 2610 1204 2640 D
1218 2610 1246 2640 B
1261 2622 1268 2639 ι
1286 2616 1391 2639 motus
1399 2609 1432 2637 in
1442 2607 1635 2637 latitudinem
1648 2614 1693 2638 est
1703 2609 1729 2638 is
1739 2620 1801 2648 quo
1813 2620 1880 2641 cor.

1043 2663 1103 2691 pus
1116 2652 1275 2681 revolvens
1293 2652 1319 2682 P
1335 2650 1374 2680 ad
1389 2651 1519 2689 planum
1541 2649 1705 2680 immotum
1723 2651 1752 2680 T
1765 2651 1794 2681 E
1813 2651 1878 2684 S¹E

1044 2694 1160 2725 accedit
1169 2694 1216 2723 vel
1226 2695 1264 2723 ab
1274 2703 1311 2723 eo
1319 2695 1441 2723 recedit.
1480 2692 1512 2722 Si
1524 2701 1626 2731 corpor
1633 2703 1685 2721 um
1698 2694 1879 2726 revolventi-

1043 2747 1097 2766 um
1109 2737 1137 2766 P
1147 2744 1177 2766 et
1189 2737 1210 2766 S
1219 2742 1322 2765 motus
1329 2735 1409 2764 inter
1418 2745 1450 2764 se
1459 2734 1666 2771 conferantur,
1674 2741 1704 2764 et
1714 2741 1879 2777 utrumque

1044 2779 1077 2808 in
1093 2778 1222 2809 eandem
1233 2777 1355 2818 plagam
1366 2777 1490 2811 feratur,
1507 2786 1535 2805 v.
1554 2786 1600 2816 gr.
1618 2778 1656 2806 ab
1671 2777 1827 2809 occidente
1844 2780 1878 2810 in

1046 2822 1203 2855 orientem,
1220 2826 1324 2850 motus
1338 2819 1371 2848 in
1386 2819 1603 2858 consequentia
1617 2818 1682 2848 fieri
1697 2818 1828 2859 dicitur3
1852 2822 1878 2852 si

1045 2862 1116 2893 vero
1131 2863 1260 2893 alterum
1277 2863 1309 2891 in
1325 2871 1421 2891 unam
1437 2860 1568 2900 plagam,
1592 2860 1723 2891 alterum
1744 2861 1777 2892 in
1800 2863 1877 2895 alte-

1046 2915 1110 2935 ram
1126 2910 1295 2940 moveatur,
1311 2910 1416 2933 motus
1430 2903 1524 2932 unius
1538 2902 1571 2932 in
1594 2905 1810 2944 consequentia
1831 2906 1873 2937 al-

1043 2947 1139 2977 terius
1152 2953 1282 2977 vocatur
1302 2946 1335 2975 in
1357 2944 1576 2980 antecedentia,
1594 2956 1622 2974 v.
1641 2955 1687 2986 gr.
1712 2953 1817 2977 motus
1836 2950 1876 2980 ab

1044 2989 1160 3020 oriente
1168 2989 1203 3019 in
1212 2987 1403 3019 occidentem
1412 2987 1444 3016 in
1454 2987 1663 3017 antecedentia
1673 2988 1735 3018 lieri
1744 2989 1874 3023 dicetur.

1088 3031 1128 3074 (ι)
1154 3034 1170 3051 ’
1197 3033 1240 3063 At
1266 3032 1308 3062 vis
1332 3032 1425 3062 altera
1453 3031 1493 3061 N
1515 3032 1563 3067 M,
1589 3030 1644 3061 &c-
1707 3031 1741 3062 Si
1769 3033 1876 3064 orbitae

978 3087 1057 3117 X4
