2086 3542
161 276 307 319 'Lmzn
329 276 552 326 Panium]
607 269 929 314 PRINCIPIA
961 263 1457 310 MATHEMATICA.
1782 261 1863 301 325

195 393 377 448 =figuram
397 389 633 445 adsumam
652 387 828 440 ellipseos
846 385 1063 426 umbilicum
1083 384 1127 424 iu
1145 395 1329 423 concursu
1342 381 1545 422 radiorum
1559 378 1737 421 habentis
1749 376 1877 433 magis

215 464 467 511 accedentem,
487 460 523 501 si
540 472 679 512 corpus
704 458 914 498 maximum
932 456 994 496 his
1019 451 1320 495 aur-actionibus
1343 452 1530 505 agitetur,
1556 462 1671 503 quam
1696 449 1732 490 si
1750 446 1877 489 maxi·

216 547 317 577 mum
337 531 439 573 illud
456 531 518 572 vel
549 543 577 570 a
602 527 817 570 minoribus
845 539 925 567 non
957 529 1168 565 attractum
1202 522 1387 576 quiescat,
1423 520 1482 561 vel
1512 514 1631 559 multo
1661 518 1786 558 miuus
1817 515 1879 558 vel

218 602 481 658 multo-magis
500 606 725 650 attractum,
746 605 816 640 aut
835 593 954 639 multo
972 596 1098 637 minus
1116 600 1188 636 aut
1205 590 1325 634 mult&
1339 592 1464 646 magis
1483 591 1668 644 agitetur.

217 734 370 790 Liquet
389 731 473 773 fere
494 744 546 771 ex
573 726 926 770 demonstratione
957 722 1164 766 corollarii
1196 720 1366 764 secundi
1399 718 1694 775 propositionis
1723 730 1881 772 praece-

173 804 297 848 lentis
308 820 321 854 ;
352 802 424 844 sed
445 807 691 858 argumento
710 797 842 855 magis
862 796 1057 838 distincto
1077 802 1120 836 et
1137 793 1259 835 latius
1281 800 1455 849 cogente
1476 791 1535 832 sic
1554 789 1767 832 evincitur.

221 877 312 918 Cas.
348 880 383 915 1.
418 872 702 914 Revolvantur
722 882 896 923 corpora
915 867 1078 908 minora
1099 865 1136 907 P
1156 872 1197 906 et
1211 865 1241 906 S
1254 864 1298 915 in
1318 863 1465 904 eodem
1484 862 1611 917 plano
1623 861 1732 904 circa
1750 860 1882 901 maxi-

167 961 281 990 mum
301 945 356 995 T,
380 957 558 1001 quorum
587 942 624 984 P
654 939 859 982 describat
887 937 1033 979 orbem
1065 935 1305 978 interiorem
1328 931 1364 976 P
1386 934 1426 975 A
1450 933 1501 984 B,
1524 940 1566 974 et
1589 933 1619 974 S
1639 932 1887 974 exteriorem

519 1238 538 1244 a·
574 1152 1179 1238 ···-···-··una.-.·...·--....-.......................
1281 1135 1293 1140 .,
1307 1127 1348 1135 -....
1382 1105 1499 1126 .......,...,

518 1250 541 1255 -.
1235 1137 1278 1148 .....

545 1235 570 1242 ...

1595 1446 1610 1457 e

173 1540 213 1582 E
235 1541 267 1583 S
287 1539 340 1582 E.
401 1540 466 1583 Sit
487 1541 518 1583 S
541 1540 584 1583 K
615 1540 834 1585 mediocris
866 1542 1060 1584 distantia
1090 1554 1312 1598 corporum
1347 1542 1384 1585 P
1404 1550 1447 1585 et
1468 1544 1524 1593 S;
1556 1550 1598 1585 et
1631 1543 1819 1598 corporis
1860 1542 1896 1584 P

167 1612 312 1655 versus
334 1613 365 1655 S
391 1614 583 1655 attractio
603 1614 884 1665 acceleratrix,
917 1615 960 1656 in
980 1614 1180 1656 mediocri
1210 1614 1280 1656 illa
1315 1614 1524 1665 distantia,
1562 1623 1796 1670 exponatur
1824 1628 1900 1669 per

172 1685 361 1741 eandem.
426 1686 478 1728 In
497 1685 707 1742 duplicata
727 1686 889 1728 ratione
911 1687 942 1729 S
964 1686 1008 1728 K
1028 1685 1083 1728 ad
1105 1687 1136 1729 S
1158 1686 1195 1728 P
1227 1687 1415 1741 capiatur
1438 1687 1468 1730 S
1489 1687 1529 1728 L
1550 1686 1602 1728 ad
1626 1686 1657 1728 S
1681 1686 1737 1736 K,
1774 1693 1818 1726 et
1847 1689 1899 1740 (g)

172 1756 252 1798 erit
273 1756 304 1798 S
325 1756 364 1797 L
385 1756 575 1798 attractio
594 1757 865 1798 acceleratrix
886 1757 1073 1811 corporis
1095 1757 1132 1799 P
1151 1772 1294 1799 versus
1318 1758 1348 1800 S
1368 1758 1412 1799 in
1432 1756 1624 1799 distantia
1645 1756 1787 1812 quavis
1806 1757 1836 1799 S
1850 1757 1900 1798 P.

172 1825 312 1883 Junge
335 1824 371 1867 P
393 1825 446 1876 T,
469 1826 590 1882 eique
609 1826 852 1881 parallelum
871 1826 950 1884 age
974 1827 1012 1868 L
1035 1827 1087 1868 M
1107 1835 1394 1869 occurrentem
1417 1829 1449 1870 S
1469 1828 1567 1869 Tin
1590 1827 1641 1869 M
1653 1843 1665 1876 ;
1695 1835 1739 1868 et
1752 1834 1902 1868 attrac-

171 1899 231 1941 tio
253 1900 284 1942 S
306 1899 345 1941 L
364 1899 595 1942 resolvetur
625 1903 718 1954 (per
735 1899 878 1956 legum
900 1899 1043 1941 Corol.
1066 1900 1124 1951 2.)
1156 1899 1200 1940 in
1220 1900 1486 1942 attractiones
1509 1901 1540 1942 S
1562 1899 1628 1951 M,
1651 1900 1691 1942 L
1717 1899 1782 1942 M.
1845 1899 1903 1941 Et

175 1971 234 2012 sic
254 1970 471 2027 urgebitur
490 1985 641 2026 corpus
664 1971 701 2012 P
720 1971 761 2012 vi
781 1971 1069 2012 acceleratrice
1092 1971 1257 2033 triplici.
1320 1972 1394 2014 Vis
1422 1988 1505 2014 una
1533 1973 1666 2015 tendit
1698 1973 1752 2015 ad
1774 1973 1829 2024 T,
1861 1980 1903 2014 et

178 2043 311 2084 oritur
330 2058 356 2083 a
374 2041 517 2083 mutua
539 2042 787 2083 attractione
807 2056 1030 2096 corporum
1053 2042 1095 2084 T
1114 2051 1156 2083 et
1179 2043 1227 2084 P.
1289 2043 1390 2086 Hac
1409 2045 1448 2085 vi
1476 2045 1564 2085 sola
1594 2059 1745 2099 corpus
1769 2045 1804 2086 P
1825 2045 1903 2085 cir-

177 2129 273 2156 cum
294 2128 444 2168 corpus
466 2113 521 2164 T,
543 2113 630 2154 sive
649 2113 882 2163 immotum,
905 2112 991 2154 sive
1026 2111 1107 2153 hac
1141 2114 1387 2156 attractione
1421 2116 1636 2171 agitatum,
1671 2116 1905 2157 describere

176 2183 348 2225 deberet
367 2191 409 2224 et
438 2198 566 2234 areas,
595 2182 714 2224 radio
735 2182 772 2224 P
794 2182 848 2233 Τ,
885 2182 1141 2238 temporibus
1175 2184 1521 2238 propurtionales,
1561 2193 1604 2226 et
1639 2186 1803 2240 ellipsin
1838 2188 1906 2227 cui

182 2258 402 2299 umbilicus
422 2265 485 2298 est
503 2257 547 2298 in
569 2264 712 2298 centro
732 2256 918 2311 corporis
941 2256 995 2298 T.
1058 2256 1180 2298 Patet
1199 2256 1280 2297 hoc
1299 2271 1375 2311 per
1397 2257 1525 2312 Prop.
1549 2257 1633 2298 XI.
1655 2265 1697 2298 et
1718 2257 1904 2298 Corolla-

182 2330 244 2372 ria
264 2336 304 2372 2.
325 2338 368 2373 et
388 2337 427 2373 3.
451 2330 608 2372 Theor.
632 2329 766 2371 XXI.
827 2329 904 2370 Vis
924 2328 1054 2370 altera
1074 2337 1138 2370 est
1157 2329 1410 2370 attractionis
1431 2330 1470 2372 L
1492 2329 1559 2379 M,
1591 2343 1686 2385 quae
1709 2330 1905 2384 quoniam

179 2402 314 2444 tendit
332 2418 358 2443 a
378 2401 414 2444 P
434 2401 488 2443 ad
509 2402 563 2452 T,
587 2400 853 2457 superaddita
871 2400 913 2442 vi
930 2399 1063 2455 priori
1083 2400 1289 2442 coincidet
1308 2415 1404 2441 cum
1423 2401 1528 2455 ipsa,
1551 2409 1593 2442 et
1622 2402 1685 2441 sic
1710 2400 1832 2442 faciet
1861 2409 1906 2442 ut

179 2487 288 2515 areae
322 2473 566 2514 etiamnum-
587 2472 841 2528 temporibus
879 2471 1214 2526 proportionales
1253 2471 1541 2514 describantur
1579 2487 1655 2527 per
1689 2473 1830 2515 Corol.
1865 2481 1905 2515 3.

182 2544 340 2587 Theor.
363 2544 496 2586 XXI.
557 2545 616 2587 At
646 2543 698 2599 (¹¹)
731 2543 928 2600 quoniam
947 2557 1036 2584 non
1057 2551 1120 2584 est
1140 2543 1342 2598 quadrato
1362 2543 1570 2596 distantiae
1588 2544 1624 2585 P
1640 2545 1682 2587 T
1696 2543 1907 2600 reciproce

182 2617 518 2674 proportionalis,
541 2625 763 2672 componet
782 2616 829 2658 ea
851 2630 946 2658 cum
967 2616 1007 2657 vi
1026 2616 1166 2671 priore
1186 2616 1267 2657 vim
1297 2616 1349 2658 ab
1379 2616 1458 2658 hac
1488 2618 1758 2672 proportione
1788 2617 1908 2659 aber-

228 2755 274 2797 (ss)
299 2758 316 2776 ⁸
340 2758 385 2788 Et
407 2758 464 2788 erit
491 2757 556 2789 SL
583 2757 720 2788 attractio
744 2757 1019 2794 acceleraerioe,&c.
1070 2757 1196 2787 SK3:
1218 2757 1626 2794 SP³=SL><SK2
1648 2757 1906 2795 stsP=

186 2798 342 2829 Estenim
364 2800 418 2840 (ex
433 2798 540 2839 Hyp.)
562 2806 600 2830 ut
616 2799 638 2830 S
654 2797 766 2829 P²ad
783 2799 805 2829 S
823 2799 887 2829 Κ2
911 2798 956 2830 ita
976 2806 1022 2829 at·
1071 2799 1093 2829 S
1109 2799 1162 2830 L:
1185 2799 1206 2829 S
1225 2799 1261 2829 P.
1311 2800 1371 2830 Sed
1394 2801 1433 2829 ob
1455 2799 1611 2840 triangula
1627 2799 1666 2829 M
1683 2799 1713 2830 L
1731 2801 1762 2836 S,
1792 2801 1822 2831 T
1838 2800 1868 2831 P
1884 2801 1907 2832 S

186 2841 296 2873 tractio
321 2841 515 2872 acceleratrix
540 2841 574 2872 in
598 2841 630 2871 K
663 2843 774 2882 (quam
798 2841 921 2871 exhibet
946 2841 1029 2871 linea
1070 2841 1182 2871 similia
1200 2842 1221 2871 S
1238 2842 1267 2871 L
1283 2854 1290 2872 ι
1313 2842 1334 2872 S
1352 2842 1380 2872 P
1394 2855 1439 2871 =
1457 2842 1486 2872 L
1503 2843 1539 2871 M
1558 2854 1565 2871 ι
1588 2842 1616 2872 P
1633 2842 1682 2878 T;
1706 2841 1781 2883 erg&
1796 2843 1826 2874 L
1841 2843 1902 2874 M:

191 2883 213 2914 S
230 2883 278 2922 K)
295 2883 335 2912 ad
349 2883 561 2914 attractionem
576 2882 822 2914 acceleratricem
837 2883 870 2913 in
884 2883 920 2919 P,
934 2894 1028 2925 quam
1074 2884 1102 2914 P
1119 2884 1148 2914 T
1162 2897 1208 2913 =
1226 2884 1248 2914 S
1266 2884 1298 2914 K
1315 2886 1329 2906 ³
1345 2897 1352 2914 ι
1375 2885 1396 2914 S
1414 2884 1442 2914 P
1457 2886 1482 2920 ³,
1506 2890 1537 2914 et
1557 2883 1686 2924 proinde
1700 2885 1746 2916 vis
1761 2885 1791 2916 L
1807 2886 1846 2917 Μ
1861 2893 1907 2917 est

187 2923 318 2964 proind&
331 2925 488 2956 exhibebit
508 2926 590 2956 linea
606 2926 628 2957 S
645 2925 684 2956 L·
1125 2939 1147 2969 S
1165 2939 1197 2969 K
1213 2941 1227 2962 3
1246 2944 1278 2975 Χ
1301 2939 1328 2969 P
1345 2940 1374 2969 T
1798 2941 1826 2972 P
1842 2942 1873 2972 Τ

233 2967 281 3008 (¹¹)
305 2970 376 2998 495.
403 2968 448 2997 At
462 2970 611 3007 quoniam·
621 2979 684 2999 non
695 2973 736 2998 est
752 2970 901 3008 quadrato
911 2970 1028 3000 distan—
1072 2970 1108 2994 ut
1199 2993 1221 3021 S
1239 2991 1266 3021 P
1281 2993 1294 3013 3
1374 2986 1384 3002 ‚
1415 2975 1469 2994 seu
1498 2964 1570 2995 dat-‘3
1602 2965 1624 2996 S
1655 2965 1699 3002 K,
1727 2973 1764 2997 ut
1788 2980 1906 3024 S—F-33

189 3012 240 3041 21¹ae
255 3012 287 3040 P
305 3011 334 3040 T
345 3009 492 3048 reciproee
503 3012 744 3049 proportionalis.
793 3009 853 3040 Est
868 3011 952 3041 enim
976 3012 1028 3050 (cx
1366 3043 1373 3049 ‚
1459 3043 1465 3049 ι

190 3051 322 3092 comm)
348 3052 370 3082 S
387 3051 421 3082 K
436 3053 452 3070 2
469 3063 476 3082 :
498 3053 520 3083 S
536 3051 565 3082 P
580 3054 594 3071 2
609 3065 655 3082 =
674 3053 696 3083 S
711 3052 740 3083 L
757 3063 765 3083 ἶ
787 3052 809 3083 s
827 3052 870 3089 K,
889 3052 1026 3093 adefique
1075 3042 1159 3074 unde
1174 3050 1327 3074 crescente
1342 3043 1487 3074 distantia
1503 3044 1532 3074 P
1549 3044 1578 3075 T
1593 3044 1698 3076 crescit
1711 3045 1757 3077 vis,
1773 3046 1802 3077 L
1818 3046 1867 3078 M.

1013 3108 1089 3139 x5
