2086 3542
274 290 355 329 114
672 286 1117 330 PHILOSOPHIAE
1148 286 1506 331 NATURALIS
1595 290 1748 342 [Mon
1767 290 1959 335 Gonnoi.

319 402 446 445 Corol.
477 406 517 443 2.
576 401 627 457 (ἁ)
649 402 716 453 vEt
726 402 898 458 aequalia
918 409 1037 444 erunt
1055 402 1355 444 revolutionum
1374 403 1418 444 in
1432 403 1641 459 ellipsibus
1660 405 1858 447 universis
1876 406 1956 448 cir‘-

258 487 353 535 eum
371 480 557 514 centrum
575 472 684 513 idern
703 472 900 513 factarum
928 460 1136 527 periodica
1154 481 1352 528 tempora.
1411 464 1522 516 Nam
1540 483 1726 531 tempora
1744 463 1815 518 illa
1832 476 1877 518 in
1895 462 1955 519 elss

253 543 424 598 lipsibus
455 542 649 584 similibus
669 542 841 598 aequalia
874 550 967 583 sunt
987 545 1078 598 (per
1100 543 1238 585 Corol.
1269 548 1308 585 8.
1329 551 1370 585 et
1389 550 1414 586 8
1438 544 1562 599 Prop.
1585 546 1659 598 1v.)
1680 547 1724 588 in
1744 534 1953 601 ellipsibus

253 621 389 656 autem
404 627 662 655 communem
676 612 917 654 habentibus
937 627 1059 654 axem
1072 614 1272 670 ‘majorem
1292 622 1386 655 sunt
1404 614 1456 655 ad
1475 615 1651 656 invicem
1678 625 1724 658 ut
1754 617 1950 673 ellipseon

253 699 360 746 areae
379 692 476 737 totae
507 682 672 733 directe,
696 690 736 724 et
755 697 941 724 arearum
960 683 1172 737 particulae
1205 683 1324 725 simul
1343 683 1556 740 descriptae
1586 685 1767 737 inverse;
1798 687 1842 728 id
1872 682 1947 740 est,
2002 692 2005 694 ’

254 762 298 796 ut
312 770 408 796 axes
427 755 603 796 minores
623 753 787 803 directe,
810 760 850 794 et
870 767 1093 808 corporum
1111 752 1341 796 velocitates
1360 753 1404 794 in
1423 755 1638 797 verticibus
1654 753 1947 812 principalibus

250 825 431 875 inverse3
461 825 541 866 hoc
572 831 645 874 est,
678 831 724 863 ut
757 837 852 864 axes
872 823 931 863 illi
949 823 1127 864 minores
1146 821 1312 873 directe,
1334 830 1375 864 et
1408 824 1628 883 ordinatim
1651 827 1865 882 applicatae
1890 826 1943 871 ad

249 894 359 936 idem
379 902 576 950 punctum
595 893 682 934 axis
702 894 928 934 communis
947 893 1128 942 inverse3
1150 901 1190 934 et
1210 900 1428 948 propterea
1448 894 1519 949 (ob
1531 896 1805 952 aequalitatem
1816 897 1941 940 ratio-

248 980 348 1007 num
367 966 614 1007 directarum
634 971 674 1005 et
692 964 959 1016 inversarum)
982 963 1025 1004 in
1041 963 1197 1005 ratione
1211 963 1463 1019 aequalitatis.

989 1205 1190 1245 Scholium.

300 1350 344 1393 Si
364 1349 512 1403 ellipsis
533 1354 672 1411 centro
693 1347 735 1387 in
755 1346 958 1387 infinitum
979 1346 1153 1387 abeunte
1172 1352 1351 1386 vertatur
1365 1346 1408 1386 in
1420 1347 1668 1401 parabolam,
1686 1363 1833 1404 corpus
1848 1365 1939 1391 mo-

240 1421 399 1463 vebitur
418 1421 461 1460 in
499 1419 576 1460 hac
604 1417 821 1473 parabola;
852 1424 892 1458 et
920 1417 979 1458 vis
999 1416 1051 1457 ad
1071 1423 1256 1457 centrum
1275 1415 1432 1458 infinite
1466 1417 1617 1459 distans
1647 1420 1736 1474 jam
1766 1420 1936 1462 tendens

246 1578 439 1609 velocitatem
464 1578 598 1617 corporis
615 1579 656 1615 A,
681 1578 811 1609 eandem
826 1589 890 1609 esse
911 1589 947 1609 ac
969 1579 1079 1610 veloci·
1121 1580 1274 1610 lulianum
1288 1581 1370 1610 circa
1386 1580 1466 1610 idem
1482 1582 1620 1610 centrum
1624 1579 1790 1620 factarum
1796 1577 1950 1618 pov-indita

247 1629 342 1651 tatem
363 1621 557 1661 projectionis
578 1621 712 1659 corporis
729 1621 766 1657 P,
793 1627 825 1651 et
845 1631 882 1650 ex
905 1620 977 1651 data
997 1623 1080 1652 velo-
1122 1627 1256 1661 tempora
1268 1624 1300 1652 in
1313 1623 1476 1662 Ellipsibus
1484 1623 1631 1653 universis
1645 1623 1701 1653 ista
1714 1621 1868 1652 “cimicis
1878 1624 1951 1660 nm&

249 1664 340 1693 citate
355 1663 487 1702 corporis
502 1663 585 1692 illius
607 1665 643 1699 A,
660 1663 825 1693 directione
839 1665 993 1703 tangentis
1009 1665 1035 1694 P
1049 1666 1080 1700 Q
1121 1666 1288 1703 repetenda.
1920 1680 1924 1682 -

250 1705 417 1736 directione
433 1705 476 1735 vis
495 1707 519 1736 C
539 1706 576 1742 P,
601 1712 632 1735 et
656 1705 818 1735 curvatur-³1
843 1705 970 1744 Ellipsis
990 1708 1022 1737 in
1043 1708 1078 1744 P,
1119 1707 1122 1710 ’
1164 1708 1304 1737 Lemma.
1373 1706 1457 1736 Area
1497 1703 1604 1735 circuli
1648 1704 1679 1735 A
1712 1703 1739 1734 F
1769 1703 1810 1740 B,
1855 1701 1945 1743 cujus

251 1748 343 1778 datur
367 1749 412 1777 vis
436 1747 611 1787 centripetae
634 1748 788 1788 quantitas
808 1748 948 1777 absoluta
973 1751 1078 1791 (242.)
1119 1747 1225 1779 'radius
1237 1748 1262 1778 F
1277 1749 1303 1783 C
1319 1752 1457 1787 aequatur
1468 1746 1593 1778 semiaxi
1607 1746 1637 1776 A
1651 1747 1677 1777 C
1693 1745 1806 1784 ellipsis
1820 1745 1851 1775 A
1865 1745 1894 1775 E
1909 1744 1950 1782 B,

251 1791 313 1830 qua
338 1800 448 1828 corpus
476 1792 518 1826 A,
545 1790 577 1819 in
605 1789 716 1828 Ellipsi
738 1796 858 1819 motum
879 1790 1027 1822 retinetur
1048 1792 1081 1822 in
1122 1798 1168 1820 est
1181 1790 1219 1820 ad
1235 1791 1328 1831 hujus
1350 1790 1504 1827 Ellipseos
1524 1798 1623 1818 aream
1645 1793 1683 1818 ut
1702 1787 1844 1818 semiaxis
1861 1787 1890 1817 A
1909 1786 1949 1823 C,

252 1838 369 1872 puncto
385 1832 422 1867 P,
439 1834 492 1862 sed
506 1831 614 1862 eadem
628 1838 674 1861 est
687 1831 801 1870 ellipsis
816 1831 907 1867 illius,
931 1840 962 1864 et
975 1834 1082 1865 orbitae
1123 1843 1179 1873 seu
1202 1832 1229 1863 F
1246 1833 1282 1869 C,
1309 1831 1349 1862 ad
1373 1830 1504 1862 alterum
1529 1830 1695 1861 semiaxem
1722 1829 1752 1860 E
1770 1830 1947 1861 C.—Dem.

257 1885 352 1915 quam
377 1884 488 1913 corpus
511 1874 539 1904 P
563 1873 713 1910 describit,
740 1880 921 1910 curvatura;
1217 1885 1221 1890 ’

255 1926 330 1947 nam
358 1916 386 1947 P
409 1926 424 1945 r
454 1922 500 1946 est
529 1915 634 1945 radius
658 1915 763 1945 circuli
791 1915 924 1954 ellipsim

259 1959 288 1989 P
307 1960 339 1989 D
359 1958 388 1989 G
409 1959 438 1988 A
454 1957 620 1995 osculantis
635 1957 667 1986 in
685 1957 723 1994 P,
740 1958 810 1999 (per
823 1964 919 1987 const.

260 2008 291 2031 et
314 2010 421 2031 secun.
439 1999 590 2032 demonst.
618 2000 718 2030 Newt.
747 2000 839 2038 Prop.
860 1999 921 2039 X.)

261 2050 307 2074 est
320 2052 444 2083 quoque
458 2042 562 2073 radius
576 2041 682 2072 circuli
697 2051 822 2072 curvam
830 2051 923 2082 quam

258 2096 372 2124 corpus
389 2086 416 2115 P
431 2085 576 2115 describit
590 2084 757 2115 osculantis
770 2083 802 2113 in
814 2084 923 2114 eodem

257 2134 375 2167 puncto
400 2127 436 2163 P,
466 2129 535 2168 (per
557 2126 688 2165 constr.)
715 2124 855 2166 adeoque
879 2125 924 2155 el-

259 2170 345 2209 lipsis
370 2169 397 2200 P
415 2170 448 2201 D
467 2170 497 2200 G
516 2170 557 2206 A,
581 2174 612 2199 ot
631 2169 729 2199 orbita
748 2178 843 2208 quam
857 2177 924 2198 cor-

259 2222 319 2252 pus
337 2211 364 2243 P
379 2211 522 2243 describit
536 2210 666 2241 eandem
687 2211 802 2241 habent
815 2220 925 2241 curva-

260 2261 370 2285 turam
391 2255 426 2285 in
454 2260 570 2293 puncto
601 2254 638 2290 P,
669 2259 815 2292 praeterea
842 2260 925 2283 recta

263 2297 294 2328 P
310 2297 352 2333 Q,
368 2297 477 2328 orbitoe
491 2303 622 2336 tangens
633 2305 707 2325 cum
722 2295 762 2325 sit
775 2294 925 2326 diametro

264 2340 291 2370 C
316 2339 349 2369 K
375 2338 520 2378 parallela
544 2337 676 2377 ellipsim
701 2337 801 2378 tangit
824 2336 858 2366 in
885 2337 924 2374 P,

261 2381 344 2412 idem
360 2388 406 2413 est
420 2381 528 2412 orbitae
543 2386 575 2410 et
588 2379 703 2419 ellipsis
724 2385 864 2410 centrum
886 2379 924 2415 C,

260 2424 343 2454 idem
358 2426 511 2464 punctum
528 2422 566 2458 P,
582 2422 689 2452 eadem
704 2422 846 2452 velocitas
854 2431 925 2460 pro—

257 2466 409 2507 jectionis,
436 2465 543 2497 eadem
558 2465 608 2495 lex
629 2465 675 2494 vis
694 2464 869 2503 centripetae
889 2474 926 2494 ac

264 2507 394 2548 proinde
414 2508 522 2539 eadem
537 2507 581 2537 vis
594 2506 678 2536 illius
698 2507 852 2547 quantitas
871 2507 925 2537 ab·

265 2551 367 2581 soluta
376 2551 409 2581 in
421 2556 536 2590 puncto
548 2550 585 2587 P,
601 2556 664 2580 tam
678 2549 711 2578 in
725 2549 822 2587 ellipsi
832 2558 925 2589 quam

263 2594 298 2623 in
328 2592 427 2625 orbitii
451 2603 471 2623 a
495 2601 620 2630 corpore
651 2591 679 2621 P
708 2590 925 2629 describend2l3

264 2645 338 2666 cum
361 2636 456 2676 igitur
477 2634 514 2664 iis
535 2633 613 2664 datis
633 2643 743 2671 corpus
761 2633 785 2662 P
801 2633 925 2662 unicam

262 2687 388 2708 curvam
424 2677 592 2708 describere
626 2675 721 2714 possit
752 2680 784 2704 et
818 2673 922 2704 revera
956 2673 1087 2712 ellipsim
1133 2672 1212 2703 Axis
1230 2673 1257 2702 A
1276 2671 1312 2708 B,
1340 2671 1455 2703 divisus
1469 2672 1657 2715 intelligatur
1677 2673 1708 2704 in
1730 2672 1893 2712 particulas
1905 2673 1954 2704 in-

266 2720 295 2750 P
311 2720 344 2750 D
363 2720 394 2751 G
411 2721 451 2755 A,
478 2718 573 2758 possit
595 2717 772 2753 describere,
792 2716 826 2746 ‘si
850 2716 896 2745 vis
924 2716 1088 2755 centripeta
1130 2724 1274 2744 numeras
1297 2715 1427 2754 aequales
1448 2715 1569 2746 lineolae
1586 2716 1624 2746 M
1642 2716 1684 2752 N,
1706 2723 1736 2746 et
1759 2726 1812 2755 per
1832 2716 1955 2757 singula

263 2762 303 2792 sit
317 2769 352 2792 ut
366 2761 508 2793 distantia
521 2771 541 2791 a
550 2766 654 2790 centro
670 2761 741 2800 (nec
750 2758 882 2789 circulus
890 2757 1088 2796 describatur)
1133 2756 1318 2787 divisionum
1333 2764 1447 2796 puncta
1461 2757 1617 2798 erigantur
1630 2765 1719 2788 rectae
1745 2758 1772 2788 P
1788 2759 1836 2795 M,
1863 2759 1896 2794 Q,
1911 2758 1954 2796 N,

266 2814 377 2843 corpus
397 2803 569 2834 movebitur
582 2802 615 2832 in
631 2801 743 2841 Euipsi
758 2807 898 2832 centrum
913 2801 1043 2830 habente
1058 2801 1091 2829 in
1120 2797 1182 2829 'axi
1208 2799 1479 2838 perpendiculares-
1537 2799 1692 2834 Quoniam
1722 2810 1760 2830 ex
1789 2800 1896 2831 circuli
1923 2805 1956 2831 et

265 2853 368 2877 centro
382 2846 504 2877 virium.
552 2845 594 2881 Q.
613 2855 640 2875 e.
659 2844 689 2874 d.
1139 2841 1262 2880 Ellipsis
1276 2840 1393 2876 natura,
1413 2841 1439 2871 F
1456 2842 1482 2872 C
1493 2842 1509 2860 ²
1523 2853 1529 2871 :
1553 2842 1585 2877 Q
1600 2843 1632 2872 N
1643 2844 1658 2860 ²
1670 2856 1715 2872 =
1731 2844 1760 2873 A
1774 2843 1799 2874 C
1813 2847 1846 2880 χ
1862 2842 1950 2874 0132

309 2892 380 2919 246.
408 2889 438 2919 Si
455 2889 499 2918 vis
513 2887 686 2927 centrifuga
696 2885 735 2916 sit
750 2890 785 2916 ut
797 2884 1087 2918 distantiaacentro.
1136 2885 1165 2914 A
1186 2884 1216 2913 N
1231 2887 1264 2920 ><
1281 2883 1311 2912 N
1331 2884 1354 2912 Β
1365 2896 1411 2914 ·.=
1423 2883 1451 2913 E
1463 2883 1490 2913 ‘C
1502 2884 1517 2902 ²
1534 2895 1540 2914 ι
1563 2883 1591 2914 Τ
1608 2885 1637 2914 Ν
1650 2886 1676 2921 ²,
1692 2886 1748 2916 erit
1766 2886 1791 2916 F
1807 2886 1854 2916 C:
1873 2885 1907 2920 Q.
1920 2884 1955 2915 N

266 2929 373 2961 eodem
403 2930 496 2960 modo
521 2930 745 2960 demonstratur
773 2937 884 2965 corpus
911 2925 1027 2961 moveri
1057 2925 1091 2955 in
1131 2938 1177 2954 =
1198 2925 1225 2955 E
1244 2925 1270 2956 C
1290 2935 1297 2954 ε
1315 2925 1344 2955 Τ
1362 2926 1402 2962 Ν,
1418 2931 1449 2955 et
1466 2925 1492 2956 F
1510 2925 1536 2956 C
1552 2939 1559 2956 ι
1584 2927 1612 2956 Ε
1631 2928 1656 2958 C
1672 2941 1716 2965 =
1735 2928 1768 2964 Q
1784 2928 1815 2958 N
1831 2939 1839 2959 ς
1859 2926 1951 2967 ΤΝΔς

266 2971 430 3010 hyperbole
444 2978 584 3002 centrum
597 2972 728 3002 habente
742 2969 775 3000 in
789 2975 894 3000 centro
907 2967 1028 2998 virium.
1089 2986 1095 2992 -
1131 2966 1238 2997 verum
1250 2967 1386 3007 ejusdem
1398 2967 1475 2997 basis
1485 2969 1661 3009 rectangula
1680 2970 1708 3000 N
1724 2970 1762 3007 L,
1780 2970 1811 3000 N
1826 2970 1867 3007 0,
1882 2975 1956 3000 nunt

309 3013 354 3053 (⁶)
372 3017 442 3047 247.
474 3014 519 3045 Ut
539 3013 764 3045 &monstretur
783 3013 913 3053 aqualia
929 3020 989 3042 esse
1005 3021 1088 3041 reve·
1117 3015 1166 3050 *ut
1180 3009 1354 3040 altitudines
1372 3010 1402 3040 N
1417 3010 1458 3047 Q,
1478 3005 1509 3040 N
1524 3012 1561 3048 Τ,
1578 3022 1612 3042 ae
1627 3011 1754 3051 proinde
1770 3013 1800 3044 N
1813 3006 1842 3044 1.
1854 3025 1861 3043 ς
1875 3010 1908 3042 N
1922 3010 1953 3042 Ο

1978 0 1990 9 w
2002 0 2086 9 --vv--ri
