2086 3542
282 241 365 278 320
677 231 1124 277 PHILOSOPHIAE
1156 234 1514 278 NATURALIS
1600 234 1747 286 [Mo'r.
1770 234 1972 282 Comma-¹

278 344 699 400 murnTheorematis
721 349 806 401 21.)
836 348 996 403 ellipses
1018 356 1156 390 centra
1175 348 1372 391 habentes
1391 348 1436 390 in
1454 349 1513 399 D,
1535 363 1709 404 quarum
1727 348 1968 406 magnitudo

279 421 331 476 (¹¹)
362 435 415 462 ex
437 420 694 462 Problemate
714 419 766 462 V.
787 419 1016 461 innotescit.
1850 408 1852 410 ¹

335 491 492 533 Trahat
499 493 587 547 jam
601 505 748 546 corpus
761 499 842 532 ter-

277 561 379 603 tium
401 562 430 604 S
442 562 581 618 priora
593 561 675 603 duo
691 561 733 603 T
747 572 789 602 et
803 560 841 602 L

276 632 429 674 viribus
490 631 839 675 acceleratricibus

277 702 308 743 S
329 703 382 754 T,
406 704 436 745 S
457 703 508 754 L,
531 711 572 745 et
591 701 760 756 abripsis
780 701 840 742 vi-

275 772 409 814 cissim
421 772 617 815 trahatur.
651 772 723 812 Vis
740 771 769 812 S
783 771 837 821 T,

275 849 363 901 (per
382 846 521 903 legum
535 844 675 887 Corol.
696 844 754 897 2.)
775 857 840 886 re-

272 916 440 958 solvitur
452 916 494 956 in
507 915 612 957 vires
630 914 719 965 SD,
735 913 838 966 DT3

271 994 313 1028 et
333 987 393 1027 vis
416 986 445 1027 S
466 985 504 1026 L
524 985 566 1026 in
585 985 692 1026 vires
724 986 754 1027 S
778 985 836 1036 D,

268 1057 313 1099 D
351 1057 400 1098 L.
469 1056 590 1098 Vires
621 1057 670 1111 (⁰)
703 1064 839 1098 autem

266 1128 313 1170 D
334 1129 388 1179 T,
410 1128 454 1171 D
476 1128 527 1179 L,
560 1143 653 1185 quae
681 1137 777 1171 sunt
796 1138 842 1172 ut
1956 1181 1958 1183 ¹

266 1199 448 1254 ipsarum
469 1213 630 1240 summa
649 1199 697 1241 T·
710 1200 763 1252 L,
785 1208 907 1257 atque
934 1200 1028 1242 ideo
1058 1207 1104 1241 ut
1136 1199 1243 1241 vires
1277 1198 1580 1240 acceleratrices
1609 1198 1757 1254 quibus
1791 1211 1966 1253 corpora

268 1271 310 1313 T
329 1279 370 1313 et
390 1272 429 1313 L
449 1287 493 1314 se
512 1279 664 1314 mutud
675 1272 858 1326 trahunt,
879 1273 1030 1315 additae
1048 1272 1113 1314 his
1132 1272 1286 1313 viribus
1306 1285 1525 1326 corporum
1546 1271 1588 1312 T
1607 1279 1648 1312 et
1667 1271 1718 1321 L,
1748 1271 1863 1325 prior
1879 1271 1966 1326 pri-

266 1342 330 1382 ori
348 1350 390 1383 et
407 1343 611 1397 posterior
645 1344 875 1398 posteriori,
907 1350 1160 1399 componunt
1193 1343 1299 1384 vires
1333 1341 1533 1383 distantiis
1552 1341 1597 1382 D
1618 1341 1660 1382 T
1679 1355 1726 1382 ac
1745 1341 1790 1383 D
1812 1341 1849 1383 L
1868 1355 1966 1396 pro-

264 1413 527 1466 portionales,
550 1422 596 1455 ut
615 1414 744 1468 prius,
766 1414 838 1456 sed
858 1414 1011 1456 viribus
1039 1413 1246 1469 prioribus
1275 1413 1476 1468 majores;
1506 1411 1680 1468 ideoque
1710 1414 1802 1467 (per
1823 1410 1963 1453 Corol.

267 1488 304 1524 1.
329 1482 454 1538 Prop.
477 1483 537 1524 X.
557 1492 598 1525 et
620 1484 760 1526 Corol.
787 1491 823 1527 1.
843 1493 885 1526 et
905 1491 944 1527 8.
968 1483 1091 1539 Prop.
1111 1483 1202 1536 IV.)
1233 1483 1413 1524 efficiunt
1441 1490 1488 1524 ut
1516 1495 1690 1536 corpora
1717 1481 1788 1523 illa
1816 1481 1964 1522 descri-

262 1552 364 1594 bant
384 1553 546 1608 ellipses
567 1562 612 1595 ut
631 1555 760 1609 prius,
783 1555 856 1597 sed
884 1563 1001 1596 motu
1035 1554 1243 1596 celeriore.
1303 1554 1423 1595 Vires
1460 1552 1628 1608 reliquae
1662 1551 1965 1593 acceleratrices

265 1623 295 1664 S
315 1622 360 1664 D
380 1631 421 1664 et
442 1624 471 1665 S
492 1625 551 1674 D,
585 1625 636 1679 (P)
667 1625 896 1667 actionibus
915 1625 1157 1666 motricibus
1180 1624 1210 1666 S
1229 1624 1275 1666 D
1302 1632 1339 1666 Χ
1363 1623 1405 1664 Τ
1423 1630 1465 1665 et
1486 1623 1516 1665 S
1536 1623 1581 1665 D
1608 1631 1643 1665 Χ
1669 1622 1721 1673 L,
1749 1636 1842 1678 quae
1870 1629 1965 1663 sunt

264 1700 309 1734 ut
329 1708 518 1750 corpora,
539 1694 742 1737 trahendo
764 1710 939 1751 corpora
958 1695 1028 1738 illa
1047 1695 1260 1752 aequaliter
1279 1702 1321 1736 et
1341 1693 1565 1736 secundum
1583 1693 1712 1735 lineas
1734 1693 1776 1735 T
1795 1693 1831 1743 1,
1849 1692 1888 1735 L
1905 1692 1965 1744 K,

305 1840 352 1882 (¹²)
369 1844 441 1873 494.
461 1842 511 1872 Ex
526 1844 714 1874 Problemate
731 1845 765 1873 1⁷.
779 1844 941 1874 innotescit.
966 1843 998 1874 Si
1009 1843 1093 1874 enim
1134 1843 1318 1874 diametrum
1333 1843 1362 1875 L
1377 1843 1409 1875 K
1425 1842 1603 1874 demittatur
1612 1843 1866 1882 perpendiculum
1881 1844 1911 1876 P
1925 1845 1960 1884 F,

261 1891 373 1921 corpus
387 1883 512 1923 aliquod
526 1883 565 1914 de
585 1884 655 1915 loco
676 1884 747 1915 dato
770 1885 800 1916 P
820 1892 908 1915 exeat
929 1895 1000 1916 cum
1022 1885 1093 1916 data
1134 1885 1191 1916 erit
1204 1886 1250 1916 vis
1263 1886 1429 1924 centripeta
1442 1885 1513 1915 data
1531 1886 1591 1925 quii
1612 1891 1724 1924 corpus
1745 1895 1849 1916 versus
1864 1887 1897 1919 Τ
1909 1899 1963 1919 ur.

261 1924 420 1956 velocitate
434 1931 466 1956 et
479 1926 651 1957 secundum
671 1925 775 1958 datam
796 1926 995 1959 directionem
1016 1928 1045 1959 P
1060 1929 1092 1959 R.
1133 1934 1225 1968 getur
1238 1928 1408 1958 secundum
1429 1927 1627 1958 directionem
1646 1928 1672 1958 P
1688 1928 1718 1958 T
1732 1927 1771 1958 ad
1786 1935 1903 1966 partem
1916 1931 1963 1963 vis

807 1970 810 1972 “
1133 1970 1219 2000 illius
1231 1980 1302 2010 quae
1311 1969 1402 2011 juxt&
1416 1969 1615 2000 directionem
1631 1970 1660 2001 P
1677 1969 1711 2006 F,
1737 1970 1810 2012 agit,
1833 1975 1871 2002 ut
1887 1971 1916 2003 P
1931 1972 1963 2005 ‘l'

1131 2012 1172 2043 ad
1188 2012 1217 2042 P
1234 2012 1269 2049 F,
1285 2011 1476 2052 proindeque
1489 2022 1559 2050 pars
1573 2012 1627 2043 illa
1643 2013 1688 2044 vis
1709 2013 1885 2053 centripetae
1905 2015 1961 2046 daz

1130 2053 1222 2085 bitur.
1271 2053 1355 2084 Daui
1369 2061 1473 2085 autem
1488 2054 1518 2084 vi
1532 2055 1699 2095 ceutripetfi
1708 2053 1798 2096 juxti
1818 2055 1961 2088 directim

1133 2106 1206 2128 nem
1222 2096 1251 2127 P
1268 2096 1295 2127 F
1308 2102 1446 2137 urgente,
1463 2096 1595 2137 dataque
1619 2094 1752 2138 corporis
1776 2097 1816 2128 de
1838 2098 1909 2130 loco
1931 2096 1961 2132 P

1134 2139 1275 2170 exeuntis
1288 2138 1446 2169 velocitate
1460 2139 1492 2168 in
1507 2139 1589 2170 linea
1603 2140 1631 2170 P
1645 2141 1686 2177 R,
1701 2140 1741 2170 ad
1753 2140 1782 2171 P
1792 2140 1820 2171 F
1829 2136 1966 2183 perpen-'

1133 2181 1274 2218 diculari,
1289 2181 1410 2212 dabitur
1425 2181 1529 2212 radius
1542 2181 1650 2212 circuli
1663 2182 1795 2221 ellipsim
1816 2185 1961 2215 osculan-

1134 2223 1173 2254 tis
1187 2223 1220 2253 in
1237 2223 1275 2260 P,
1284 2233 1378 2263 quam
1388 2233 1499 2263 corpus
1513 2224 1540 2255 P
1550 2233 1621 2254 cum
1632 2224 1690 2255 hac
1699 2224 1858 2256 velocitate
1868 2231 1961 2300 Ἤ

1135 2266 1165 2296 vi
1188 2266 1354 2304 centripetfi
1378 2272 1477 2305 potest
1501 2266 1669 2298 describere
1699 2266 1802 2307 (1993)
1832 2270 1864 2298 et

1061 2334 1072 2344 ,
1137 2308 1260 2339 dabitur
1273 2308 1371 2338 altera·
1380 2308 1527 2339 diameter
1541 2310 1704 2350 oon'ugata
1719 2309 1749 2340 L
1766 2309 1811 2346 Κ,
1827 2314 1859 2340 et
1870 2309 1960 2356 elllpss

1132 2351 1188 2434 sis)
1198 2350 1328 2382 describi
1349 2350 1461 2390 poterit
1483 2350 1567 2393 (vide
1593 2319 1696 2382 l'robl.
1726 2351 1766 2382 de
1791 2351 1905 2392 Enipei
1926 2355 1959 2393 p.

1177 2436 1222 2477 (⁰)
1247 2438 1264 2456 ·
1295 2437 1375 2467 Vires
1389 2441 1490 2467 autem
1504 2437 1540 2467 D
1560 2437 1596 2473 T,
1619 2437 1655 2467 D
1669 2437 1710 2473 L,
1735 2446 1805 2478 quae
1829 2440 1902 2468 suut
1921 2437 1959 2469 uk

1131 2479 1268 2517 ipsarum
1292 2489 1412 2509 summa
1443 2480 1473 2508 T
1484 2479 1524 2515 L,
1541 2478 1596 2508 &c-
1645 2478 1704 2509 Est
1726 2477 1808 2508 enim
1825 2478 1860 2509 D
1875 2477 1906 2509 Τ
1917 2478 1958 2510 ad

1135 2520 1164 2550 T
1181 2520 1209 2550 L
1222 2520 1254 2549 in
1269 2520 1387 2550 ratione
1401 2520 1471 2550 data
1486 2519 1619 2560 corporis
1634 2520 1664 2551 L
1678 2520 1879 2551 adsummn'm
1888 2520 1956 2551 cof}

1132 2571 1243 2600 porum
1260 2562 1289 2592 T
1303 2562 1345 2604 -ξ-
1361 2562 1400 2599 L,
1417 2568 1447 2592 et
1464 2563 1496 2592 D
1513 2562 1542 2592 L
1557 2562 1596 2593 ad
1612 2562 1642 2593 T
1657 2562 1696 2598 L,
1713 2562 1746 2592 in
1759 2560 1876 2592 ratione
1886 2561 1965 2594 datr

1132 2604 1266 2643 corpozis
1283 2604 1312 2634 T
1325 2604 1364 2634 ad
1379 2614 1532 2634 summam
1546 2613 1708 2644 corporum
1725 2603 1844 2645 T÷L
1861 2604 1932 2653 (60)
1944 2615 1956 2644 ς

1131 2645 1225 2686 quare
1238 2646 1317 2676 vires
1333 2646 1365 2676 D
1383 2647 1421 2683 T,
1441 2647 1472 2676 D
1490 2646 1529 2683 L,
1551 2646 1584 2676 in
1598 2645 1793 2686 quacumque
1806 2646 1959 2685 positione

1131 2697 1293 2727 corporum
1310 2688 1340 2719 T
1353 2694 1384 2718 et
1399 2689 1437 2724 L,
1454 2694 1526 2718 sunt
1539 2693 1575 2718 ut
1590 2688 1620 2718 T
1634 2687 1674 2718 L.
1939 2720 1941 2722 ,

1175 2730 1220 2770 (⁹)
1245 2733 1261 2749 *
1286 2731 1460 2762 Actionibus
1473 2731 1642 2761 matricibus
1657 2731 1681 2761 S
1691 2731 1726 2761 D
1743 2733 1778 2767 Χ
1798 2731 1834 2767 T,
1848 2735 1877 2767 et
1888 2730 1957 2763 SD

261 2778 297 2803 ut
311 2773 442 2813 ellipsim
459 2774 488 2805 P
502 2775 532 2805 L
550 2775 581 2806 G
601 2775 646 2813 K,
669 2776 749 2807 circa
770 2782 909 2808 centrum
933 2777 963 2808 'r
981 2776 1088 2807 datum
1133 2776 1166 2809 ><
1185 2774 1215 2803 L
1240 2775 1308 2813 (per
1321 2773 1380 2803 def.
1396 2777 1426 2802 8-
1445 2777 1551 2803 etnot-
1569 2771 1631 2810 12)
1653 2782 1723 2812 quae
1737 2777 1808 2803 sunt
1833 2778 1869 2804 ut
1891 2769 1962 2809 σαί,

262 2814 419 2851 describat,
436 2823 519 2847 recta
536 2817 564 2848 P
582 2818 611 2848 R
626 2818 777 2857 positione
791 2819 863 2850 data
876 2819 1006 2858 ellipsim
1020 2825 1088 2849 tan.
1125 2825 1211 2854 poe-a,
1227 2817 1369 2845 trahendo
1384 2825 1503 2853 corpora
1520 2815 1571 2844 illa
1584 2815 1739 2854 «equaliter
1752 2815 1792 2844 ob
1806 2814 1957 2855 equalem

261 2863 314 2895 get
328 2858 360 2887 in
382 2859 419 2895 P,
442 2858 576 2899 idebque
597 2860 745 2891 diameter
760 2862 789 2891 L
807 2862 849 2896 K,
872 2861 930 2901 ipsi
949 2861 975 2892 Ρ
993 2862 1024 2892 R
1039 2871 1092 2900 pa-
1133 2857 1195 2886 vim
1218 2856 1457 2886 accelerati-icem
1483 2856 1504 2886 S
1531 2855 1575 2892 D,
1606 2862 1641 2885 ut
1665 2855 1701 2886 fit
1723 2856 1757 2886 in
1780 2857 1957 2895 corporibus

262 2899 365 2929 rallela
390 2901 499 2940 (Prop.
524 2905 576 2932 32.
606 2902 674 2933 Lib,
702 2903 728 2932 Ι,
759 2904 866 2934 conio,
898 2903 1002 2942 Apoll⁸
1030 2903 1092 2934 give
1133 2898 1284 2938 gravibus,
1299 2908 1368 2938 quae
1383 2898 1453 2928 licet
1473 2897 1579 2927 massis
1598 2897 1774 2938 inaequalia,
1799 2897 1830 2928 vi
1851 2904 1956 2930 umen

263 2939 350 2970 Lem.
369 2941 429 2971 1v.
449 2943 488 2972 de
506 2944 614 2974 eonio.
641 2951 671 2975 et
687 2945 798 2975 Theor.
826 2946 854 2975 1.
879 2945 918 2976 de
934 2945 1012 2981 Ειι.)
1034 2945 1087 2975 da-
1130 2940 1284 2980 gravitatis
1298 2939 1513 2977 accelerauice,
1535 2939 1673 2971 radendo
1693 2940 1850 2981 aequalitu
1868 2950 1956 2973 m

261 2980 344 3011 bitur
369 2984 526 3022 positione.
579 2986 741 3025 Praeter-eal,
765 2988 791 3018 si
815 2997 853 3018 ex
876 2993 992 3027 puncto
1010 2987 1037 3018 P
1050 2987 1090 3018 ad
1130 2982 1273 3013 lemntul'·

2058 3383 2079 3542 *qh-z&
2070 3334 2074 3359 ⁴—
2068 3164 2083 3303 ¹2·„,;.‹3
