2086 3542
172 267 325 312 Lnum
348 270 565 322 Paruum]
642 269 962 314 PRINCIPIA
976 272 1486 319 MATHEMATICA.
1787 285 1873 333 155

163 384 454 442 ideoqueutP
474 384 647 427 TadD
670 386 749 436 H;
779 394 821 428 et
837 387 1195 438 vicissimPQad
1216 387 1307 428 PT
1327 387 1431 429 utD
1449 388 1487 430 E
1507 389 1617 430 adD
1639 391 1701 432 H.
1734 391 1810 434 Est
1826 400 1868 434 et

162 456 199 498 P
221 457 262 498 R
276 456 330 498 ad
346 455 388 497 D
411 455 505 497 Fut
521 455 562 497 R
580 455 617 498 C
637 456 691 497 ad
705 456 750 497 D
769 457 818 507 C,
840 457 1017 514 ideoque
1028 466 1075 499 ut
1095 458 1136 514 (Ι
1158 459 1201 500 G
1217 457 1298 509 vel)
1315 458 1351 499 P
1373 458 1403 499 S
1423 457 1476 498 ad
1492 457 1536 499 D
1554 458 1610 509 G,
1628 467 1668 500 et
1688 461 1866 504 vicissim

158 525 196 567 P
209 526 249 569 R
265 524 318 567 ad
339 525 375 566 P
388 525 418 567 S
434 534 479 566 ut
498 525 551 567 D'
565 525 602 567 F
620 525 674 566 ad
688 526 733 567 D
755 525 798 568 G
808 542 821 576 3
852 534 894 569 et
913 528 1140 584 conjunctis
1159 527 1386 570 rationibus
1400 527 1449 568 fit
1461 529 1748 585 rectangulum
1771 532 1807 572 P
1824 533 1866 582 Q

167 605 202 639 Χ
233 596 270 639 Ρ
290 595 404 639 Rad
422 596 709 654 rectiangulum
730 597 814 639 PS
835 611 870 644 χ
895 598 931 640 Ρ
952 599 994 640 Τ
1021 598 1368 655 utrectangulum
1396 598 1442 640 D
1464 598 1502 640 E
1524 612 1558 645 χ
1580 598 1626 640 D
1649 599 1685 640 F
1704 600 1758 640 ad
1778 616 1866 643 rec-

154 667 367 724 tangulum
387 667 431 708 D
454 667 497 710 G
529 676 560 710 Χ
593 667 638 708 D
661 667 723 718 H,
755 675 877 724 atque
896 668 992 710 ideo
1021 669 1065 710 in
1084 669 1188 721 data*
1214 668 1387 710 ratione.
1446 668 1530 710 Sed
1550 668 1701 711 dantur
1718 670 1754 712 P
1768 671 1811 721 Q
1825 681 1866 713 et

155 738 192 780 P
213 739 256 788 S,
288 746 330 780 et
340 747 561 794 propterea
580 739 685 780 ratio
708 739 744 780 P
766 740 806 781 R
827 740 881 781 ad
902 741 938 782 P
959 741 1000 782 T
1020 741 1152 782 datur.
1170 775 1175 776 ν
1214 741 1268 790 Q.
1290 757 1326 782 e.
1348 740 1388 782 d.

211 811 302 851 Cas.
319 814 358 851 2.
392 810 519 860 Quod
540 811 573 850 si
595 810 630 851 P
653 810 693 851 R
714 818 755 851 et
776 811 812 852 P
834 810 875 851 T
892 820 1101 866 ponantur
1130 813 1174 852 in
1194 811 1289 852 data
1314 811 1472 853 ratione
1493 811 1546 852 ad
1575 811 1764 863 invicem,
1799 813 1860 868 (¹¹²)

151 888 240 921 tum
260 880 381 920 simili
399 881 614 921 ratiocinio
634 880 918 937 regrediendo,
940 890 1135 937 sequetur
1154 897 1241 923 esse
1260 882 1546 939 rectangulum
1559 882 1604 923 D
1626 882 1664 924 E
1696 892 1730 924 Χ
1759 882 1804 924 Ι)
1827 882 1862 924 F

151 951 204 993 ad
238 952 528 1008 rectangulum
549 953 594 994 D
612 952 656 994 G
677 962 710 995 Χ
735 952 778 993 D
799 952 848 993 H
875 953 920 992 in
948 953 1108 993 ratione
1128 952 1237 1002 data,
1270 952 1447 1008 ideoque
1473 962 1674 1012 punctum
1693 953 1739 994 D
1770 957 1861 1009 (per

151 1024 269 1066 Lem.
286 1025 475 1077 XVIII.)
490 1025 728 1081 contingere
743 1024 927 1065 conicam
944 1024 1168 1066 sectionem
1182 1031 1464 1066 transeuntem
1477 1038 1554 1079 per
1564 1032 1719 1079 puncta
1733 1025 1787 1076 A,
1806 1025 1858 1076 B,

123 1124 126 1130 .
151 1093 200 1145 C,
225 1095 273 1136 P.
336 1095 391 1144 Q.
422 1110 458 1136 e.
490 1095 532 1136 d.
1843 1088 1845 1090 ‚

208 1170 334 1210 Corol.
372 1172 406 1210 l.
444 1168 562 1210 Hinc
583 1169 618 1211 si
636 1177 782 1226 agatur
805 1169 842 1210 Β
865 1169 901 1210 C
922 1183 1061 1210 secans
1084 1168 1120 1210 P
1142 1169 1186 1218 Q
1205 1168 1248 1208 in
1268 1182 1302 1218 r,
1324 1176 1366 1209 et
1393 1168 1437 1208 in
1459 1168 1496 1210 P
1517 1168 1558 1210 T
1578 1169 1764 1223 capiatur
1785 1169 1822 1211 P
1841 1176 1859 1209 t

146 1240 190 1280 in
206 1239 368 1280 ratione
389 1239 443 1280 ad
465 1240 501 1281 P
516 1254 538 1279 r
557 1254 682 1296 quam
701 1239 827 1280 habet
849 1239 885 1280 P
906 1238 946 1279 T
967 1238 1021 1279 ad
1052 1238 1088 1279 P
1110 1238 1176 1279 R:
1208 1237 1285 1278 erit
1303 1237 1340 1279 B
1360 1245 1378 1278 t
1396 1246 1571 1294 tangens
1592 1239 1749 1279 conicae
1770 1254 1859 1281 sec-

146 1311 268 1352 tionis
288 1311 340 1352 ad
359 1320 560 1366 punctum
583 1312 634 1353 B.
694 1312 805 1353 Nam
825 1310 995 1365 concipe
1015 1318 1213 1364 punctum
1234 1309 1277 1350 D
1298 1310 1409 1350 coire
1438 1324 1533 1351 cum
1551 1318 1707 1365 puncto
1728 1311 1779 1362 B,
1800 1311 1869 1358 ita,

144 1390 193 1424 ut
211 1381 366 1424 chordfi
389 1383 426 1423 B
446 1383 491 1424 D
507 1390 788 1433 evanescente,
822 1382 860 1424 B
877 1382 917 1423 T
935 1390 1108 1439 tangens
1123 1381 1268 1422 evadat
1278 1397 1290 1431 3
1321 1391 1363 1423 et
1384 1381 1420 1422 C
1440 1382 1485 1423 D
1515 1397 1563 1423 ac
1586 1381 1623 1423 B
1643 1381 1687 1424 T
1705 1383 1859 1425 coinci-

146 1453 247 1495 dent
266 1467 362 1494 cum
384 1453 420 1494 C
442 1453 480 1495 B
496 1461 537 1494 et
558 1452 595 1494 B
615 1461 645 1494 t.
1850 1504 1857 1506 ,

206 1525 333 1566 Corol.
355 1528 395 1565 2.
427 1523 484 1564 Et
502 1524 590 1565 vice
610 1524 727 1565 versa
749 1524 783 1565 si
804 1523 842 1565 B
857 1531 876 1565 t
895 1524 947 1565 sit
966 1530 1151 1580 tangens,
1174 1531 1216 1564 et
1227 1523 1280 1564 ad
1300 1523 1473 1579 quodvis
1489 1524 1644 1565 conicae
1663 1525 1857 1566 sectionis

143 1603 344 1651 punctum
364 1596 409 1637 D
423 1596 668 1637 conveniant
690 1596 728 1636 B
749 1595 806 1645 D,
840 1594 876 1637 C
895 1595 964 1645 D;
995 1594 1073 1636 erit
1093 1594 1130 1636 P
1152 1595 1192 1638 R
1216 1594 1269 1635 ad
1291 1594 1327 1636 P
1348 1594 1389 1635 T
1408 1602 1455 1636 ut
1471 1595 1508 1637 P
1526 1610 1550 1636 r
1575 1595 1628 1636 ad
1660 1596 1740 1638 Pt.
1799 1596 1857 1638 Et

142 1675 298 1718 contra,
330 1667 365 1709 si
384 1667 489 1708 sitP
511 1667 802 1709 RadPTut
832 1665 982 1707 Prad
1004 1666 1106 1708 Pt:
1139 1666 1395 1718 convenient,
1430 1667 1546 1718 BD,
1579 1667 1677 1709 CD
1706 1667 1761 1709 ad
1787 1682 1856 1709 co-

141 1737 458 1780 nicae-sectionis
477 1746 677 1792 punctum
698 1736 867 1792 aliquod
885 1736 943 1779 D.
984 1741 986 1744 ’

202 1808 330 1849 Corol.
363 1815 402 1850 3.
433 1809 590 1850 Conica
610 1808 734 1849 sectio
753 1821 839 1848 non
855 1814 966 1848 secat
980 1807 1166 1849 conicam
1180 1807 1402 1850 sectionem
1421 1809 1465 1849 in
1484 1808 1648 1864 punctis
1667 1809 1855 1864 pluribus

142 1893 266 1935 quam
286 1887 474 1935 quatuor.
535 1880 659 1929 Nam,
692 1879 726 1920 si
745 1878 837 1920 fieri
855 1886 1004 1934 potest,
1042 1887 1252 1921 transeant
1270 1879 1365 1920 duae
1386 1880 1541 1920 conicae
1561 1879 1761 1921 sectiones
1780 1894 1856 1934 per

141 1950 320 2006 quinque
335 1959 501 2005 puncta,
535 1951 589 2001 A,
623 1951 674 2002 B,
709 1950 759 2000 C,
793 1950 842 2000 P,
879 1949 943 2000 O;
975 1966 1123 2007 easque
1152 1959 1262 1993 secet
1280 1959 1392 1993 recta
1414 1952 1451 1993 B
1472 1951 1516 1992 D
1546 1952 1590 1992 in
1609 1952 1772 2007 punctis
1794 1951 1853 2002 D,

140 2021 182 2071 d,
214 2029 256 2062 et
275 2022 404 2076 ipsam
427 2023 464 2063 P
499 2023 543 2071 Q
563 2031 673 2064 secet
691 2031 804 2065 recta
825 2024 862 2066 C
882 2024 908 2066 d
941 2024 985 2064 in
1004 2038 1044 2078 q.
1103 2023 1219 2081 Ergo
1242 2024 1278 2065 P
1301 2024 1341 2065 R
1361 2033 1422 2065 est
1436 2024 1489 2066 ad
1511 2024 1547 2066 P
1568 2024 1668 2066 Tut
1689 2024 1725 2065 P
1744 2038 1771 2079 q
1801 2023 1855 2065 ad

142 2092 178 2135 P
199 2092 240 2135 T
258 2109 270 2141 3
301 2094 354 2147 (¹¹)
385 2093 495 2135 unde
518 2094 554 2137 P
576 2095 617 2136 R
637 2102 679 2137 et
700 2095 736 2136 P
756 2110 784 2151 q
803 2096 879 2138 sibi
898 2096 1076 2138 invicem
1094 2103 1322 2152 aeqnantur,
1355 2105 1499 2139 contra
1516 2096 1776 2153 hypothesin.

821 2301 1053 2344 LEMMA
1074 2302 1206 2345 XXI.

137 2443 183 2484 Si
201 2448 316 2483 rectae
330 2443 418 2483 duce
435 2443 590 2484 mobiles
609 2450 647 2484 et
667 2444 833 2497 ἰφῃῖηἰίιε
854 2444 891 2486 Β
908 2445 974 2495 M,
1000 2445 1036 2486 C
1058 2445 1110 2486 M
1133 2460 1209 2499 per
1227 2447 1325 2486 data
1338 2454 1489 2499 puncta
1511 2448 1562 2498 B,
1596 2449 1633 2489 C
1651 2463 1719 2490 ceu
1739 2452 1854 2504 polos

193 2514 338 2571 ductae,
361 2523 545 2554 concursu
574 2528 640 2554 suo
662 2512 718 2554 M·
733 2515 952 2555 describant
980 2516 1138 2556 tertiam
1165 2516 1362 2568 positione
1380 2518 1516 2558 datam
1534 2524 1679 2560 rectam
1701 2519 1752 2562 M
1778 2522 1819 2563 N
1838 2538 1850 2571 ς

194 2589 231 2624 ct
251 2585 346 2624 aliae
365 2585 453 2624 duoe
467 2585 634 2638 iigfinitae
653 2591 767 2625 rcctae
789 2586 826 2627 B
849 2586 906 2636 D,
940 2586 976 2627 C
993 2587 1049 2636 D,
1071 2602 1152 2628 cum
1164 2588 1367 2640 prioribus
1379 2589 1527 2630 duabus
1540 2592 1597 2630 ad
1606 2598 1757 2644 puncta
1778 2594 1852 2634 illa

143 2723 323 2754 Geometrifi
354 2723 510 2755 Car-tesius
532 2734 588 2764 per
610 2724 768 2756 calculum
787 2725 975 2767 anaiyticum
1018 2727 1130 2758 mutuo
1144 2727 1372 2759 intersecentin
1383 2730 1508 2768 punctis
1524 2731 1555 2762 Ο
1566 2736 1598 2762 et
1610 2731 1650 2768 B,
1668 2733 1737 2773 (per
1757 2732 1850 2774 hyp.)

141 2766 325 2806 generaliter
334 2766 467 2797 resolvit.
1019 2770 1091 2801 duci
1117 2771 1229 2810 poterit
1257 2777 1340 2802 recta
1363 2773 1392 2802 B
1407 2773 1451 2809 D,
1474 2784 1545 2813 quae
1574 2773 1654 2804 duos
1679 2774 1851 2806 sectionum

185 2807 238 2849 (¹²¹)
263 2811 280 2829 ’
306 2811 394 2840 Nam
413 2811 439 2840 si
459 2812 530 2840 PR
550 2816 577 2841 et
594 2813 625 2841 P
650 2812 680 2841 T
695 2816 850 2849 ponantur
866 2814 900 2842 in
924 2824 976 2843 ra·
1020 2823 1109 2843 arcus
1119 2814 1153 2843 in
1171 2814 1198 2843 B
1215 2819 1245 2843 et
1273 2814 1303 2844 0
1327 2815 1544 2845 convenientes
1573 2823 1654 2846 secet
1675 2817 1708 2846 in
1727 2818 1851 2857 punctis

141 2851 222 2880 tione
245 2850 327 2885 data,
358 2851 416 2881 erit
440 2862 482 2891 qu
524 2863 564 2882 ue
588 2854 628 2883 ob
646 2853 738 2882 datas
764 2854 793 2884 P
818 2854 859 2891 Q,
885 2855 913 2884 P
942 2856 974 2891 S,
1019 2856 1148 2891 duobus,
1166 2856 1283 2896 eritque
1298 2867 1352 2895 per
1366 2857 1480 2887 Coroll.
1501 2861 1528 2887 1.
1546 2858 1635 2889 Lem.
1653 2859 1734 2890 XX.
1749 2861 1776 2890 P
1790 2862 1822 2892 R
1838 2873 1847 2891 ι

139 2892 356 2931 rectangulum
371 2893 489 2931 PQ><
558 2895 595 2931 R,
612 2895 651 2925 ad
669 2896 885 2936 rectangulum
902 2897 930 2927 P
948 2898 970 2927 S
1016 2897 1044 2927 P
1060 2899 1143 2928 T=
1163 2899 1190 2928 P
1205 2908 1242 2928 r:
1265 2899 1376 2929 Pt=
1395 2899 1423 2929 P
1437 2910 1480 2939 q:
1504 2900 1580 2938 PT,
1597 2900 1774 2942 adeoqueP
1791 2903 1845 2934 R:

143 2938 178 2982 Χ
200 2935 225 2963 Ρ
241 2934 281 2970 T,
302 2935 335 2964 in
357 2936 475 2966 ratione
499 2936 570 2967 data
585 2949 594 2975 ;
617 2937 671 2967 sed
695 2948 750 2976 per
764 2938 970 2970 demonstrata
1015 2939 1044 2970 P
1060 2941 1090 2971 T
1103 2954 1149 2970 =
1167 2941 1196 2971 P
1210 2952 1229 2981 q
1244 2953 1252 2971 t
1274 2941 1303 2971 P
1319 2942 1358 2978 T,
1374 2940 1459 2972 unde
1475 2943 1501 2972 P
1514 2943 1546 2974 R
1570 2949 1602 2974 et
1613 2944 1644 2974 P
1655 2955 1678 2985 q
1701 2945 1757 2975 sihi
1771 2946 1851 2976 invi-

140 2986 174 3006 m
194 2974 238 3005 10.
258 2986 330 3006 casu
347 2978 372 3007 P
390 2979 423 3013 Q
438 2983 470 3015 Χ
492 2979 520 3009 Ρ
539 2980 570 3010 R
585 2993 592 3011 z
614 2980 643 3010 P
655 2981 676 3010 S
693 2986 726 3017 χ
748 2981 774 3010 Ρ
791 2982 877 3011 T=
891 2983 924 3012 D
941 2982 971 3012 Ε
1016 2993 1084 3012 cem
1115 2989 1286 3023 aequantur,
1310 2992 1346 3013 ac
1370 2983 1499 3022 proinde
1517 2986 1543 3016 C
1565 2986 1596 3023 d,
1619 2987 1763 3018 coincidit
1776 2999 1852 3019 cum

144 3018 218 3055 χΙ)
237 3018 286 3048 F:
308 3019 340 3048 D
360 3019 393 3049 H
411 3024 444 3057 Χ
465 3021 498 3051 D
517 3022 569 3059 G;
599 3021 674 3063 ergo
690 3023 724 3054 D
741 3023 771 3053 E
789 3028 823 3062 Χ
844 3024 974 3054 DFad
1019 3025 1045 3055 C
1065 3026 1107 3060 D,
1131 3032 1162 3056 et
1186 3033 1340 3065 punctum
1361 3026 1392 3063 d,
1415 3037 1489 3058 cum
1515 3035 1632 3068 puncto
1653 3028 1706 3068 Ἰ),
1730 3032 1851 3072 (contra

144 3060 178 3091 D
193 3060 228 3090 H
243 3065 276 3097 Χ
292 3061 325 3090 D
342 3062 373 3091 G
387 3061 420 3091 in
433 3063 552 3094 ratione
566 3064 646 3095 data.
1021 3067 1123 3108 hyp.).

185 3103 231 3145 (¹¹)
257 3106 272 3122 ⁸
301 3104 383 3134 Cum
412 3105 496 3134 enim
524 3106 595 3137 duae
622 3108 770 3138 sectiones
798 3108 912 3140 couicae
947 3119 984 3139 se-
