2086 3542
685 166 699 186 X

288 270 372 308 312

285 382 441 423 tionem
461 380 515 422 ad
534 395 579 422 se
600 379 758 421 mutub.

697 263 1143 307 PHILOSOPHIAE
1176 262 1532 307 NATURALIS
1630 261 1772 314 [Mo-r.
1794 258 1986 328 Conmm-

820 379 964 422 Lineae
985 387 1120 421 autem
1141 388 1277 430 rectae,
1299 393 1392 435 quae
1413 386 1507 420 sunt
1539 378 1583 419 in
1617 376 1712 419 data
1745 378 1904 420 ratione
1933 375 1989 421 ad

283 451 475 501 invicem,
498 459 539 492 et
558 449 711 506 aequali
730 457 846 491 motu
866 449 1053 506 angulari
1072 450 1227 490 circum
1255 449 1450 490 terminos
1480 463 1574 490 suos
1605 447 1803 498 feruntur,
1833 447 1988 504 figuras

283 522 438 564 circum
458 521 630 563 eosdem
652 521 846 563 terminos
866 520 910 560 in
928 519 1074 574 planis,
1097 534 1190 576 quae
1210 518 1292 560 unzi
1321 533 1415 560 cum
1446 518 1511 560 his
1545 519 1729 560 terminis
1757 518 1822 560 vel
1853 517 1987 575 quies·

284 602 395 643 cunt,
418 593 483 634 vel
516 593 566 648 (Β)
602 600 717 634 motu
738 590 880 646 quovis
900 604 985 630 non
1005 589 1191 647 angulari
1210 598 1439 639 moventur,
1471 589 1708 631 describunt
1736 589 1905 630 omnini)
1934 588 1988 630 si-

284 666 416 708 miles.

284 738 450 779 buntur.

512 736 572 786 Q.
593 750 629 776 e.
652 734 695 777 d.

482 664 666 707 Proinde
687 663 837 704 similes
859 669 955 703 sunt
973 661 1133 718 figurae,
1155 675 1248 716 quae
1266 659 1332 700 his
1351 659 1551 701 distantiis
1565 659 1820 702 circumactis
1835 659 1988 701 descri-

562 888 937 935 PROPOSITIO
967 885 1134 930 LVIII.
1194 887 1553 934 THEOREMA
1583 887 1713 931 XXI.

221 1021 228 1028 ·
282 1008 329 1050 Si
346 1019 508 1060 corpora
532 1005 608 1045 duo
627 1002 772 1044 viribus
792 999 986 1055 quibusvis
1003 1013 1043 1040 se
1060 1005 1189 1040 mutuo
1207 999 1383 1049 trahunt,
1405 1006 1443 1040 et
1462 1000 1611 1040 interea
1625 1000 1869 1041 revolvuntur
1881 1001 1986 1043 circa

334 1076 550 1132 gravitatis
568 1078 737 1114 centrum
757 1084 950 1111 commune
965 1087 978 1109 .-
1009 1070 1096 1110 dico
1115 1070 1219 1124 quod
1228 1070 1391 1124 figuris,
1412 1084 1509 1123 quas
1527 1083 1690 1123 corpora
1709 1071 1764 1111 sic
1782 1077 1884 1112 mota
1900 1064 1986 1113 de's..

339 1148 491 1189 eribant
511 1147 652 1186 circum
675 1157 715 1184 se
733 1138 873 1191 mutub,
889 1147 1020 1194 potest
1034 1141 1179 1195 figura
1207 1141 1346 1182 similis
1363 1147 1401 1182 et
1419 1142 1592 1195 aequalis,
1614 1142 1752 1183 circum
1771 1156 1907 1197 corpus
1923 1144 1985 1184 al-

339 1226 524 1263 teratrum
547 1219 755 1264 immotum,
777 1213 924 1255 viribus
943 1212 1078 1253 iisdem
1097 1211 1272 1253 describi.
1844 1212 1848 1216 '

340 1332 623 1376 Revolvantur
646 1340 826 1382 corpora
848 1326 893 1376 S,
917 1324 953 1366 P
973 1324 1081 1366 circa
1111 1338 1328 1366 commune
1361 1324 1571 1381 gravitatis
1605 1333 1791 1367 centrum
1809 1326 1859 1377 C,

1889 1341 1985 1395 per.

280 1405 419 1465 gendo
439 1404 492 1446 de
513 1404 543 1446 S
563 1401 618 1444 ad
640 1400 694 1451 T,
717 1399 852 1454 deque
877 1397 912 1438 P
933 1396 986 1438 ad
1008 1397 1063 1447 Q.
1123 1397 1165 1439 A
1185 1396 1282 1438 dato
1300 1404 1452 1451 punctu
1465 1399 1494 1441 S
1508 1397 1604 1452 ipsis
1621 1398 1652 1440 S
1667 1398 1717 1449 P,
1733 1398 1775 1440 T
1790 1398 1834 1448 Q
1847 1413 1984 1456 aequa.

280 1536 370 1569 muni
389 1533 544 1576 gravitatis
568 1536 667 1562 centro
686 1527 720 1564 Q
735 1526 771 1563 C,
791 1525 817 1556 C
835 1524 863 1555 T
877 1522 1021 1564 reciproce
1037 1534 1109 1564 pro-

274 1579 455 1621 portionales
469 1575 636 1614 corpor-ilus
649 1571 728 1602 datis
746 1569 782 1606 P,
801 1567 824 1598 S
846 1566 917 1608 (60)
940 1572 1031 1608 atque
1046 1565 1109 1597 ide&

278 1623 312 1653 in
317 1619 388 1652 data
397 1620 510 1650 ratione
519 1619 558 1648 ad
568 1617 704 1651 invicem,

279 1670 308 1695 et
329 1662 539 1702 componendo,
567 1659 599 1695 Q
615 1658 641 1689 C
661 1663 706 1688 est

279 1705 320 1736 ad
336 1705 370 1740 Q
385 1705 415 1735 Τ
438 1703 471 1733 in
496 1701 567 1732 data
589 1700 706 1731 ratione

279 1746 412 1787 corporis
439 1746 460 1776 S
484 1744 524 1775 ad
552 1752 706 1774 summam

1153 1523 1175 1554 S
1190 1522 1228 1560 P,
1251 1533 1322 1563 quae
1346 1528 1494 1563 tanquam
1518 1522 1647 1554 immota
1668 1528 1821 1563 spectatur
1845 1523 1902 1555 erit
1917 1519 1982 1566 Tp

1150 1565 1209 1605 ipsi
1226 1565 1248 1596 S
1265 1565 1293 1596 P
1307 1565 1433 1606 aequalis
1453 1571 1485 1596 et
1508 1565 1654 1605 parallela
1677 1572 1708 1597 et
1729 1571 1879 1606 spectator
1900 1565 1936 1599 in
1951 1567 1983 1601 T

279 1787 541 1832 corporumS†
562 1787 597 1817 P.
645 1787 706 1817 Fe-
825 1790 1090 1821 ““·“,“··“···’····
1143 1794 1182 1801 ···
1235 1795 1243 1802 ·

276 1838 393 1863 rantur
420 1836 523 1862 aulem
558 1828 707 1860 diseamiae

283 1875 317 1909 Q
332 1874 369 1910 C,
385 1873 414 1909 T
428 1873 464 1909 C,
474 1874 555 1903 circa
566 1877 705 1902 centrum

282 1917 309 1947 C
328 1916 492 1946 terminum
513 1924 605 1945 suum
627 1923 705 1943 com-

279 1968 405 1989 munem
419 1958 530 1997 (equali
543 1962 627 1987 motu
648 1966 705 1985 an-

277 2001 390 2040 gulari,
420 1998 453 2029 id
480 2003 535 2034 est,
572 1996 708 2038 angulus

284 2042 318 2078 Q
329 2042 355 2072 C
369 2041 397 2071 P
412 2046 457 2071 est
470 2049 590 2078 semper
603 2049 706 2079 aequa„

280 2084 319 2115 lis
333 2083 449 2124 angulo
466 2082 495 2112 T
508 2082 534 2112 C
549 2082 570 2112 S
583 2087 705 2120 propte-

280 2125 333 2156 rezl
346 2124 429 2166 quod
450 2124 600 2154 distantiae
619 2124 652 2159 Q
667 2124 705 2160 C,

283 2168 313 2199 Τ
330 2168 355 2199 C
370 2168 403 2197 in
418 2166 567 2197 directum
588 2175 708 2204 semper

278 2211 381 2252 jacent
391 2208 472 2250 (60).
501 2206 605 2244 Quare
613 2209 625 2248 (
633 2211 643 2237 1
651 2211 663 2237 l
671 2208 705 2247 2)

281 2252 352 2282 duoe
361 2252 469 2292 figurae
480 2250 508 2281 P
517 2250 592 2287 QC,
608 2251 629 2281 S
642 2250 671 2281 T
680 2251 706 2281 C

282 2294 398 2324 similes
412 2298 493 2323 sunt.
535 2292 630 2328 Quod
644 2298 708 2323 erat

283 2336 429 2376 primum.

329 2379 452 2418 Agatur
465 2386 520 2416 per
533 2375 562 2407 Τ
577 2382 659 2408 recta
674 2377 704 2408 T
717 2387 738 2417 p
751 2380 842 2411 lineae
859 2381 880 2412 S
898 2381 926 2412 P
941 2381 1066 2422 aequalis
1080 2386 1112 2412 et

284 2419 437 2460 pai-allelu,
453 2425 484 2451 et
497 2419 521 2449 si
537 2429 646 2458 corpus
659 2420 680 2451 S
690 2425 836 2464 tanquam
851 2423 1014 2454 immotum
1026 2434 1113 2462 spec-

285 2469 376 2500 tetur,
392 2468 494 2492 motus
508 2462 641 2500 corporis
656 2462 684 2492 P
697 2465 780 2504 quod
793 2465 827 2495 in
839 2466 1019 2504 Qpervenit
1030 2465 1113 2496 idem

285 2504 343 2535 erit
356 2509 495 2542 respectu
510 2503 643 2542 corporis
659 2504 680 2534 S
695 2515 750 2536 seu
766 2507 805 2543 T,
821 2517 857 2538 ac
872 2507 897 2537 si
911 2517 1022 2546 corpus
1039 2507 1115 2538 Pde

286 2547 356 2578 loco
369 2557 390 2586 p
405 2546 587 2576 translatum
601 2552 678 2578 esset
692 2547 725 2577 in
738 2548 843 2580 locum
859 2550 899 2586 Q,
912 2550 1028 2589 eritque
1042 2550 1076 2586 Q
1086 2550 1115 2581 T

286 2589 327 2620 ad
343 2589 371 2619 T
385 2599 406 2628 p
428 2598 483 2618 seu
511 2588 532 2618 S
550 2588 583 2623 P,
608 2594 644 2619 ut
672 2589 706 2625 Q
721 2591 747 2622 C
761 2591 801 2621 ad
819 2591 845 2622 C
863 2592 900 2628 P,
927 2597 958 2622 et
982 2591 1116 2632 angulus

290 2631 324 2667 Q
339 2631 368 2662 T
381 2641 403 2669 p
417 2643 462 2660 =
481 2630 513 2666 Q
529 2629 556 2660 C
573 2630 601 2661 P
615 2630 699 2662 unde
712 2632 812 2673 figura
838 2642 859 2673 p
874 2634 907 2670 Q
918 2632 999 2664 circei
1018 2643 1117 2672 punc-

287 2678 356 2703 tum
374 2673 395 2703 S
410 2677 446 2702 ut
460 2671 623 2702 immotum
638 2679 807 2712 spectatum
828 2686 846 2705 a
866 2685 991 2715 corpore
1008 2675 1036 2705 P
1048 2675 1117 2705 des-

288 2714 383 2754 cripta
398 2714 455 2744 erit
469 2713 576 2744 similis
590 2714 698 2755 flgurae
711 2717 740 2747 P
757 2718 790 2753 Q
806 2718 831 2748 C
847 2717 977 2758 ideoque
990 2723 1021 2747 et
1034 2716 1116 2757 figu-

287 2766 331 2788 1·ae
349 2757 371 2787 S
388 2756 416 2786 T
434 2757 470 2791 C,
494 2755 587 2787 simili
607 2757 766 2790 ratiocinio
786 2759 965 2790 ostendetur
983 2758 1116 2799 figuram

290 2810 315 2830 π·
330 2798 359 2828 Τ
379 2799 412 2834 Q
423 2798 503 2829 circa
515 2804 666 2837 punctum
685 2801 712 2831 P
725 2801 891 2832 immotum
911 2812 930 2832 a
950 2810 1075 2840 corpore
1093 2800 1116 2831 S

289 2840 483 2880 descriptam,
499 2850 564 2871 esse
577 2840 708 2872 similem
722 2842 833 2884 figura>
856 2844 878 2875 S
893 2843 923 2874 Τ
939 2843 965 2874 C
986 2842 1116 2883 ideoque

290 2887 322 2913 et
335 2882 444 2923 figurae
461 2883 489 2913 P
506 2883 540 2918 Q
555 2882 592 2914 C.
640 2884 734 2919 Quod
749 2891 815 2916 erat
827 2885 967 2917 alterum.

336 2924 431 2959 Quod
442 2924 520 2956 forte
530 2924 651 2956 facilius
660 2927 761 2958 adhuc
775 2927 970 2969 intelligetur,
983 2925 1008 2957 si
1018 2936 1116 2966 pona-

290 2974 362 2996 mus
376 2965 408 2995 in
422 2976 546 3005 corpore
563 2967 584 2998 S
599 2974 797 3006 spectatorem
810 2970 864 3010 qui
888 2979 922 3000 se
944 2974 976 2999 et
999 2968 1112 3000 lineam

268 3038 274 3043 ,
293 3006 316 3037 S
334 3007 366 3055 Ρ.
374 3011 519 3046 tanquam
533 3009 661 3042 immota
673 3012 791 3049 habat,
806 3012 840 3042 in
853 3010 910 3042 hfic
923 3011 1006 3042 enim
1015 3012 1111 3050 hypo-

292 3049 377 3086 thesi,
393 3050 447 3080 ubi
461 3060 571 3089 corpus
587 3052 608 3082 S
622 3054 792 3092 pervenerit
804 3054 836 3084 in
851 3054 954 3085 locum
971 3053 1009 3091 T,
1032 3053 1113 3084 linea

1153 2382 1273 2420 locatus
1293 2386 1415 2412 motum
1437 2379 1571 2420 corporis
1593 2377 1623 2410 P
1645 2377 1760 2410 videbit
1783 2379 1842 2410 sub
1864 2378 1988 2420 ungulo—

1157 2424 1329 2463 QTp=
1347 2423 1422 2459 QC
1440 2423 1477 2458 P,
1493 2421 1862 2458 etaddistantiamTQ.
1897 2421 1980 2455 Cum

1154 2466 1250 2507 igitur
1263 2465 1302 2499 sit
1315 2474 1434 2504 semper
1451 2465 1484 2500 Q
1500 2465 1526 2495 C
1541 2463 1582 2495 ad
1599 2464 1624 2495 C
1643 2463 1680 2501 P,
1704 2469 1741 2494 ut
1757 2463 1790 2498 Q
1804 2463 1834 2494 T
1847 2462 1887 2493 ad
1903 2462 1926 2494 S
1941 2463 1977 2499 P,

1156 2518 1211 2538 seu
1236 2508 1266 2539 T
1280 2518 1308 2546 p,
1337 2513 1368 2538 et
1390 2506 1523 2547 angulus
1547 2506 1582 2542 Q
1603 2506 1629 2537 C
1654 2505 1691 2541 P,
1717 2504 1842 2545 aequalis
1864 2504 1981 2546 angulo

1160 2549 1235 2586 QT
1249 2560 1278 2589 p,
1295 2549 1430 2590 figurap
1448 2549 1528 2585 QT.
1543 2547 1649 2579 similis·
1664 2547 1841 2587 eritfigurae
1857 2546 1978 2584 PQc,

1156 2591 1293 2632 adebque
1317 2597 1348 2622 et
1371 2591 1480 2632 figur-'e
1507 2591 1529 2621 S
1545 2590 1575 2621 T
1592 2590 1636 2621 Οἵ
1676 2588 1794 2620 Pariter
1817 2587 1843 2618 si
1866 2596 1922 2628 per
1948 2589 1981 2626 Q

1158 2639 1269 2674 agatur
1285 2634 1320 2669 Q
1331 2644 1356 2664 a·
1369 2632 1494 2673 aequalis
1507 2638 1539 2664 et
1550 2630 1695 2672 pan-allelu,
1709 2630 1739 2662 P
1753 2630 1776 2662 8
1789 2629 1887 2670 liquet
1898 2630 1980 2673 figu-

1158 2686 1222 2706 ram
1239 2687 1264 2706 a·
1279 2676 1308 2707 T
1326 2675 1463 2715 Qquam
1481 2675 1503 2706 S
1516 2674 1595 2705 circa
1611 2673 1639 2704 P
1652 2677 1820 2712 spectatum
1834 2670 1980 2713 umquam

1156 2717 1323 2748 immotum
1351 2716 1493 2748 describit
1520 2725 1585 2747 ease
1611 2713 1743 2745 similem
1770 2719 1802 2745 et
1829 2714 1979 2755 qualem

1156 2759 1265 2800 figurae
1278 2769 1299 2799 p
1317 2760 1350 2795 Q
1366 2759 1394 2790 T
1408 2768 1502 2799 quam
1515 2767 1624 2797 corpus
1640 2756 1678 2794 P,
1688 2756 1767 2787 circa
1779 2757 1801 2788 S
1811 2761 1979 2796 spectatum

1156 2807 1303 2841 tanquam
1317 2801 1482 2872 ³3¹¹¹¹¹⁰2³¹¹¹
1495 2798 1645 2830 describit.
1693 2798 1899 2871 P⁸¹3et.l²⁸i⁸m
1923 2798 1978 2831 ha·

1156 2853 1227 2873 rum
1254 2852 1395 2873 omnium
1439 2851 1587 2882 gmarum
1733 2850 1801 2871 snm
1814 2850 1847 2871 es
1870 2838 1990 2873 eodem,

1155 2890 1291 2924 tempore
1318 2883 1454 2919 describi.
1484 2883 1615 2923 ideoque
1642 2882 1736 2914 etiam
1762 2888 1840 2915 totas
1863 2881 1987 2924 figunt

1157 2927 1326 2967 aequalibus
1340 2925 1528 2965 temporibus
1541 2925 1684 2965 percurri.
1986 2951 1989 2956 .

1196 2968 1241 3010 (²)
1267 2971 1285 2989 ⁴
1309 2970 1395 2999 Moru
1411 2969 1511 3008 quovis
1533 2978 1595 3000 non
1616 2967 1765 3008 ungulari·
1811 2965 1894 3000 vide
1914 2964 1975 2998 Le-

1153 3020 1229 3052 gum
1247 3009 1348 3042 Corol.
1367 3013 1396 3042 5.
1414 3015 1445 3040 et
1460 3013 1489 3041 6.
