2086 3542
295 271 376 308 352
705 263 1154 310 PH1LosoPH1AE
1185 265 1544 309 NATURALIS
1632 267 1774 318 [Mor.
1797 246 1994 311 coma.

293 379 444 421 montis
465 380 682 431 cumulata,
714 390 757 423 et
775 380 878 432 hoec,
909 390 1110 437 perpetuo
1131 390 1281 422 conatu
1299 380 1519 423 recedendi
1539 396 1564 422 a
1583 389 1725 422 centro
1754 381 1818 422 sui
1842 390 1993 434 motus,

294 451 475 493 turbabit
493 459 651 493 motum
669 452 796 510 globi,
818 453 1018 510 facietque
1036 462 1083 494 ut
1100 453 1187 508 poli
1206 454 1292 509 ejus
1312 461 1450 495 errent
1467 468 1545 508 per
1562 453 1692 508 ipsius
1719 454 1994 508 superficiem,

293 522 335 564 et
364 523 537 564 circulos
567 524 721 565 circum
752 539 795 566 se
824 534 1104 580 punctumque
1136 524 1214 566 sibi
1243 524 1478 578 oppositum
1511 523 1713 580 perpetuo
1747 524 1994 567 describant.

294 592 440 651 Neque
461 595 689 652 corrigetur
707 596 786 637 ista
805 596 1030 651 vagationis
1051 595 1285 644 enormitas,
1307 594 1387 635 nisi
1405 594 1582 636 locando
1597 603 1779 636 montem
1798 595 1994 639 illum.vel
2017 602 2021 605 ”

291 666 335 706 in
364 665 462 720 polo
489 666 699 717 alterutro,
734 680 817 721 quo
843 666 887 706 in
921 679 1018 706 casu
1049 669 1141 720 (per
1163 664 1302 709 Corol.
1325 665 1411 716 21.)
1442 664 1542 705 nodi
1571 665 1792 721 aequatoris
1820 680 1994 723 progre-

292 737 480 787 dientur3
510 737 576 779 vel
607 738 651 777 in
683 743 903 792 aequatore,
937 735 1017 791 qufi
1044 736 1204 777 ratione
1234 738 1327 790 (per
1349 735 1489 776 Corol.
1511 736 1599 788 20.)
1628 736 1729 785 nodi
1757 737 1994 794 regredien-

291 816 360 849 tur
371 824 383 858 ς
413 808 478 850 vel
498 808 675 863 denique
694 822 748 848 ex
768 806 895 848 altera
915 807 1003 848 axis
1022 815 1139 861 parte
1159 805 1351 847 addendo
1369 806 1584 848 materiam
1595 822 1758 858 novam,
1780 801 1860 864 qufi
1873 809 1992 851 mon's

290 880 400 921 inter
418 878 667 920 movendum
688 878 873 928 libretur,
897 884 938 919 et
956 877 1036 918 hoc
1054 884 1176 932 pacto
1194 876 1294 918 nodi
1320 876 1386 918 vel
1414 877 1746 934 progredientur,
1781 878 1848 920 vel
1880 894 1994 922 rece-

291 951 401 1002 dent,
422 951 594 1006 perinde
613 959 660 993 ut
677 965 796 993 mons
817 959 859 993 et
877 950 1016 993 haecce
1034 965 1142 993 nova
1159 949 1330 991 materia
1359 957 1453 991 sunt
1480 950 1546 992 vel
1574 950 1673 1005 polo
1701 950 1767 992 vel
1793 953 1992 1007 aequatori

287 1024 514 1079 propiores,

517 1152 891 1197 PROPOSITIO
921 1153 1111 1196 LXVII.
1161 1126 1531 1195 ¹THEOREMA
1562 1152 1761 1196 XXVII.

286 1248 438 1290 Positis
458 1250 591 1290 iisdem
607 1251 881 1290 attractionum
902 1249 1058 1304 legibus,
1080 1250 1166 1289 dz'co
1186 1250 1288 1303 quod
1305 1262 1444 1302 corpus
1461 1249 1628 1289 exterius
1649 1249 1694 1299 S,
1718 1249 1824 1290 circa
1852 1240 1994 1291 inter-22

343 1335 451 1361 orum
473 1321 522 1371 P,
546 1321 588 1363 T
605 1336 796 1363 commune
810 1323 1026 1376 gravitatis
1043 1327 1212 1362 centrum
1233 1320 1287 1371 O,
1308 1322 1436 1361 ‘radiis
1454 1322 1510 1361 ad
1532 1326 1701 1361 centrum
1727 1322 1829 1362 illud
1851 1322 1988 1372 ductis,

343 1391 524 1433 describit
543 1407 658 1434 areas
676 1393 905 1446 temporibus
925 1393 1050 1447 magis
1063 1392 1376 1445 proportionales
1395 1397 1433 1431 et
1451 1391 1577 1432 orbem
1601 1392 1657 1431 ad
1667 1391 1846 1445 formum
1873 1393 1990 1446 ellip-

342 1478 423 1505 seos
455 1465 671 1506 umbilicum
703 1466 747 1505 in
777 1471 907 1505 centro
937 1465 1064 1505 eodem
1093 1463 1271 1504 habentis
1298 1463 1423 1517 magis
1451 1464 1701 1513 accedentem,
1737 1477 1858 1517 quam¹
1883 1464 1989 1510 circa

341 1548 478 1589 corpus
497 1536 672 1577 intimum
693 1542 732 1577 et
750 1537 956 1576 maximum
978 1534 1031 1585 T,
1053 1534 1181 1576 radiis
1199 1535 1256 1574 ad
1273 1535 1394 1588 ipsum
1414 1535 1552 1584 ductis,
1573 1534 1783 1576 describere
1793 1541 1938 1588 potest.
1975 1574 1979 1579 .

342 1649 453 1692 Nam
473 1651 658 1706 corporis
681 1651 711 1694 S
730 1650 993 1692 attractiones
1013 1663 1153 1691 versus
1173 1648 1215 1691 T
1233 1657 1276 1691 et
1297 1649 1334 1690 P
1352 1658 1607 1704 componunt
1626 1648 1752 1704 ipsius
1779 1642 1985 1691 attractio-

283 1765 312 1796 P
326 1777 347 1806 p
361 1766 526 1803 revolvens,
546 1768 567 1798 S
585 1767 611 1798 C
629 1766 657 1797 B
672 1766 801 1805 planum
814 1775 869 1805 per
879 1771 1018 1796 centrum
1030 1764 1115 1805 globi
1156 1764 1225 1795 loca
1238 1763 1382 1803 polorum
1396 1771 1562 1805 antequam
1575 1764 1703 1804 materia
1716 1765 1749 1794 in
1765 1764 1799 1795 N
1811 1764 1916 1796 addita
1935 1775 1982 1796 es-

286 1808 312 1839 C
327 1815 358 1839 et
371 1819 426 1848 per
439 1815 580 1840 centrum
593 1809 704 1839 virium
719 1809 741 1839 S
751 1808 909 1844 transienffi
925 1807 1114 1847 globumque
1155 1812 1210 1838 set.
1256 1808 1368 1847 IVeque
1381 1808 1546 1846 corrigetur
1559 1809 1616 1838 ista
1630 1809 1793 1846 vagationis
1811 1811 1982 1846 enormitas,

282 1850 420 1881 dividens
444 1851 478 1880 in
501 1851 564 1882 duo
588 1850 791 1890 hemispherii!
816 1850 846 1880 A
866 1850 894 1880 P
911 1850 950 1886 B,
979 1850 1009 1880 A
1032 1859 1053 1889 p
1071 1844 1111 1886 B,
1155 1850 1216 1881 πίστ’
1228 1850 1351 1880 locando
1365 1855 1497 1880 montem
1511 1850 1598 1880 illum
1612 1850 1657 1880 vel
1669 1850 1702 1880 in
1713 1851 1781 1890 polo
1795 1856 1940 1884 atterutro
1961 1861 1983 1892 p

280 1893 325 1922 vis
331 1893 496 1932 centripeta
501 1894 622 1934 urgebit
627 1903 705 1922 sem-

279 1944 335 1973 per
348 1941 515 1974 utrumque
531 1936 704 1973 hemisphe-

278 1976 361 2007 rium
376 1976 531 2018 aequaliter
547 1976 651 2008 versus
669 1977 700 2015 S,

278 2025 310 2049 et
317 2018 475 2058 propterea
484 2019 614 2060 globum
624 2029 700 2060 quo-

277 2061 318 2091 ad
331 2068 451 2091 motum
461 2062 618 2092 rotationis
629 2062 699 2092 nul-

277 2103 339 2133 lam
353 2103 386 2133 in
400 2109 517 2142 partem
531 2104 697 2141 inclinabit,

276 2146 472 2186 manebitque
496 2146 624 2186 proinde
648 2157 698 2176 ea-

275 2188 347 2218 dem
361 2188 426 2218 axis
448 2188 476 2219 P
490 2199 510 2227 p
529 2188 694 2219 inclinatio.

278 2229 424 2260 Addatur
437 2229 509 2261 ver&
529 2231 650 2266 alicubi.
666 2242 695 2262 v.

275 2283 320 2313 gr.
339 2272 372 2302 in
389 2272 431 2310 N,
447 2273 528 2303 inter
547 2273 655 2312 polum
677 2285 698 2313 p

275 2321 306 2344 et
334 2321 519 2355 aequatorem
550 2316 580 2346 E
609 2316 639 2346 Y
667 2317 700 2353 Q

275 2357 401 2388 materia
415 2367 494 2388 nova
514 2358 547 2387 in
566 2358 697 2389 formam

274 2399 388 2429 montis
402 2400 568 2437 cumulata,
580 2406 610 2430 et
619 2401 695 2437 haec,

274 2448 422 2480 perpetuo
432 2440 544 2473 conatu
555 2443 698 2473 receden-

274 2483 306 2513 di
321 2494 340 2514 a
350 2490 456 2514 centro
470 2484 517 2514 sui
531 2485 634 2515 motus
651 2486 695 2523 D,
1284 2506 1289 2509 ,

274 2526 408 2556 turbabit
443 2533 563 2557 motum
600 2527 694 2566 globi,
1524 2537 1541 2567 x

274 2568 358 2608 quod
368 2574 484 2607 partem
495 2569 580 2608 globi
590 2569 633 2606 N,
646 2570 696 2600 cui
1539 2567 1564 2595 ’Ἀ

273 2609 412 2641 adhaeret'
437 2610 567 2641 validius
598 2613 697 2643 trahat

273 2662 368 2692 quarn
382 2653 427 2683 vis
442 2653 614 2694 centrifuga
629 2662 745 2693 partem
762 2658 933 2697 oppositam
952 2660 993 2697 O,
1004 2660 1104 2701 magis

273 2694 447 2733 depressam
457 2706 471 2733 ς’
489 2701 521 2726 et
535 2694 604 2726 ide&
617 2695 709 2728 faciet
721 2705 758 2729 ut
771 2701 835 2738 poli
850 2701 884 2736 P.
898 2710 929 2739 p,
941 2709 1041 2733 errent
1051 2713 1105 2742 per

763 2269 790 2312 S

1146 2662 1194 2691 vel
1211 2661 1239 2692 P
1253 2663 1306 2694 ubi
1320 2663 1429 2702 polum
1443 2673 1506 2694 non
1520 2664 1619 2705 magis
1632 2664 1665 2695 in
1679 2675 1773 2696 unum
1784 2672 1900 2706 partem
1911 2675 1969 2706 tm-

1145 2703 1192 2734 hit
1205 2714 1299 2744 quam
1320 2705 1354 2735 in
1375 2706 1523 2744 alteram;
1545 2709 1590 2738 vet
1613 2708 1646 2737 in
1669 2715 1819 2748 aequocore
1834 2709 1864 2740 E
1882 2709 1912 2741 Y
1929 2709 1969 2752 Q.

273 2737 465 2776 superficiem
486 2737 571 2778 globi
594 2745 625 2769 et
645 2739 775 2772 circulos
800 2742 829 2772 L
846 2743 871 2773 Z
888 2744 936 2781 M,
956 2745 990 2775 Η
1009 2745 1041 2774 Χ
1060 2745 1102 2780 K,

273 2778 389 2810 circum
415 2790 447 2810 se
472 2787 686 2821 punctumque
710 2783 768 2814 sibi
793 2786 967 2824 oppositum
992 2786 1105 2818 descri-

273 2821 354 2852 bant.
400 2822 484 2852 Nam
499 2832 572 2852 cum
586 2824 715 2855 materia
729 2825 784 2856 illa
798 2834 844 2857 est
857 2827 891 2858 in
906 2828 974 2859 loco
991 2829 1031 2862 N,
1049 2828 1105 2859 sua

272 2863 379 2903 majori
396 2864 424 2893 vi
440 2864 615 2906 centrifugii
628 2865 702 2897 facit
723 2874 758 2898 ut
779 2869 870 2908 polus
884 2880 905 2909 p
919 2870 1042 2901 accedat
1062 2870 1102 2900 ad

274 2903 310 2950 ῌ
327 2912 357 2935 et
372 2906 461 2943 polus
479 2907 508 2936 P
521 2906 561 2937 ad
575 2908 622 2944 M,
636 2909 757 2940 sublato
767 2912 900 2950 partium
910 2912 995 2952 globi
1007 2913 1102 2952 aequi-

272 2944 384 2983 hbrio;
407 2947 490 2978 unde
511 2949 637 2980 materia
658 2951 711 2982 illa
732 2953 915 2991 revolvente,
941 2954 1004 2993 poli
1022 2955 1057 2985 H
1073 2961 1104 2986 et

272 2986 312 3035 ΞΜ
334 2989 465 3019 circulos
490 2991 523 3020 H
545 2991 576 3021 X
595 2991 627 3022 K
647 2993 693 3030 H,
723 2994 760 3024 M
778 2995 803 3025 Z
820 2996 849 3026 L
866 2996 904 3027 M
929 2995 1106 3028 describunt

270 3038 305 3059 m
320 3030 479 3070 superficie
494 3032 577 3071 globi
593 3034 672 3065 circei
687 3043 804 3074 puncta
828 3038 865 3074 P,
888 3048 918 3077 p,
942 3038 1004 3069 sive
1027 3039 1106 3070 circa

1147 2746 1200 2776 ubi
1215 2747 1323 2785 polum
1334 2758 1434 2778 unum
1445 2758 1508 2778 non
1518 2748 1617 2788 magis
1627 2748 1717 2780 trahit
1726 2760 1819 2790 quam
1828 2751 1969 2788 alterum.

1146 2789 1191 2819 vel
1211 2800 1246 2819 ez·
1258 2789 1352 2821 altera
1374 2792 1436 2821 axis
1450 2796 1540 2831 parte
1561 2789 1595 2820 in
1612 2790 1642 2821 O
1657 2793 1792 2823 addendo
1811 2789 1971 2827 „mentam

1146 2841 1256 2862 novam
1281 2831 1342 2871 qud
1364 2838 1462 2864 motus
1483 2832 1516 2862 in
1533 2831 1565 2862 N
1579 2833 1658 2863 inter
1677 2837 1857 2868 movendum
1878 2836 1971 2873 libra·

1144 2878 1206 2908 tur,
1229 2883 1283 2903 seu
1298 2874 1359 2913 qut}
1374 2874 1439 2904 axis
1452 2874 1485 2904 in
1506 2879 1607 2912 partes
1627 2876 1781 2914 oppositus
1801 2887 1889 2918 aeque
1907 2883 1970 2917 tm-

1144 2914 1244 2951 hatur,
1270 2915 1318 2945 vel
1339 2916 1431 2946 etiam
1455 2915 1596 2946 addendo
1620 2918 1780 2949 materiam
1800 2929 1911 2952 novun
1929 2929 1969 2951 ex

1145 2955 1239 2986 alterii
1257 2957 1417 2997 aequatoris
1438 2964 1523 2997 parte
1544 2958 1577 2988 in
1603 2959 1643 2996 R,
1663 2960 1725 2999 quii
1745 2961 1836 3000 polus
1858 2963 1885 2994 P
1901 2958 1969 2994 tnu-

1148 3004 1216 3046 tum
1231 2999 1368 3030 trahatur
1381 3006 1532 3040 quantum
1547 3001 1637 3040 polus
1656 3013 1676 3042 p
1687 3004 1708 3036 ἦ
1735 3003 1862 3036 maten-ii
1882 3007 1917 3036 In
1935 3003 1968 3036 N

1147 3039 1253 3079 posmi.
