2086 3542
249 274 330 315 166
635 259 1088 309 PHILOSOPHIAE
1119 257 1484 303 NATURALIS
1590 256 1736 311 [Mo-r.
1759 260 1961 302 Gomon.

300 400 399 442 data
419 396 471 447 B,
494 394 531 437 C
551 395 663 436 datos
682 393 844 449 angulos
865 390 917 434 M
936 390 976 433 B
995 390 1054 440 D,
1094 389 1146 432 M
1162 388 1198 431 C
1220 387 1265 430 D
1284 387 1489 445 ffcientes
1507 387 1722 429 ducantur.-
1754 386 1842 429 dico
1859 386 1964 442 quod
2030 414 2032 416 ψ

301 470 364 511 lnce
381 470 470 510 duce
490 466 528 508 B
549 465 606 516 D,
631 464 667 506 C
687 464 732 507 D
752 476 934 505 concursu
948 476 1015 503 suo
1027 462 1072 504 D
1093 461 1306 502 describent
1315 461 1516 501 sectionem
1535 459 1706 504 conicum
1717 472 1798 514 per
1806 463 1961 513 puncta

304 541 356 591 B,
381 539 417 582 C
436 543 707 581 transeuntem
748 537 807 576 Et
826 535 908 576 vice
926 532 1050 584 versd,
1072 534 1108 575 si
1125 538 1241 574 rectae
1269 531 1307 574 B
1326 531 1385 582 D,
1409 531 1445 572 C
1465 531 1510 574 D
1530 545 1714 572 concursu
1727 544 1794 571 suo
1814 529 1859 572 D
1874 530 1962 570 des·

299 611 453 653 cribant
472 610 672 651 sectionem
691 607 862 647 conicum
865 618 944 658 per
956 605 1053 645 data
1064 609 1216 657 puncta
1237 601 1289 651 B,
1313 601 1362 651 C,
1385 601 1426 643 A
1451 606 1726 650 transeuntem,
1757 606 1795 641 et
1814 599 1867 640 sit
1885 611 1963 640 an·

297 684 412 738 gulus
425 681 469 724 D
485 680 522 722 B
545 679 596 721 M
616 692 762 731 semper
781 676 945 730 aequalis
957 676 1102 729 angulo
1115 675 1209 714 dato
1232 674 1271 715 A
1287 673 1324 714 B
1348 672 1399 725 C,
1421 674 1658 728 angulusque
1672 672 1718 715 D
1735 671 1772 714 C
1793 670 1846 713 M
1864 684 1961 712 sem-

290 766 369 807 per
389 751 553 806 aequalis
573 749 716 803 angulo
737 748 831 788 dato
851 745 891 788 A
915 745 951 787 C
973 744 1034 790 B:
1058 750 1245 798 punctum
1267 742 1319 785 M
1348 744 1543 798 continget
1581 749 1725 784 rectam
1760 741 1964 796 positione

300 826 447 865 datam.

301 936 413 979 Nam
433 935 477 976 in
497 933 610 976 recta
632 932 684 976 M
705 932 748 974 N
768 931 890 973 detur
908 935 1109 984 punctum
1122 926 1178 977 N,
1201 932 1246 968 et,
1264 925 1334 967 ubi
1348 930 1550 980 punctum
1567 921 1720 964 mobile
1741 920 1795 964 M
1813 919 1964 963 incidit

243 1009 292 1051 in
306 1008 525 1049 immotum
545 1005 613 1055 N3
638 1003 798 1045 incidat
825 1007 1027 1058 punctum
1045 996 1199 1040 mobile
1219 996 1263 1039 D
1284 997 1328 1038 in
1347 996 1565 1038 immotum
1587 993 1636 1035 P.
1695 991 1723 1035 J
1725 1005 1834 1048 unge
1851 990 1888 1034 C
1904 989 1962 1042 N,
2011 998 2020 1002 “

246 1082 284 1124 Β
315 1077 620 1130 N,CP,BP,
654 1083 695 1115 et
726 1087 751 1114 a

246 1158 402 1208 puncto
436 1149 472 1191 P
503 1163 580 1204 age
619 1152 749 1186 rectas

246 1222 283 1263 P
296 1222 351 1272 T,
376 1220 412 1262 P
430 1220 470 1260 R
491 1222 750 1259 occurrentes

245 1291 346 1347 ipsis
364 1289 402 1331 B
418 1289 477 1339 D,
488 1288 576 1330 CD
592 1287 637 1327 in
652 1286 693 1327 T
708 1291 751 1327 et

250 1363 306 1412 R,
337 1367 380 1402 et
392 1358 587 1400 facientes
618 1370 748 1413 angu-

245 1431 385 1473 lumB
414 1429 450 1471 P
472 1430 513 1471 T
543 1427 747 1484 aequalem

246 1501 401 1560 angulo
436 1501 534 1542 dato
563 1499 601 1541 B
618 1498 660 1540 N
677 1496 744 1552 M,

251 1581 294 1616 et
331 1571 530 1630 angulum
570 1569 608 1611 C.
643 1569 680 1611 P
703 1567 744 1608 R

249 1644 451 1701 aequalem
470 1641 625 1699 angulo
645 1639 743 1681 dato

205 1756 207 1759 .
251 1717 287 1758 C
309 1716 353 1758 N
374 1714 439 1757 M.
501 1714 611 1755 Cum
641 1725 743 1767 ergo

249 1790 321 1843 (ex
343 1783 582 1842 hypothesi)
603 1797 742 1837 aequa-
798 1774 839 1813 β’

243 1857 305 1898 les
349 1856 433 1897 sint
462 1852 607 1910 anguli
628 1851 678 1893 M
703 1851 741 1892 B
769 1854 811 1902 c

245 1926 304 1977 D,
338 1925 378 1967 N
403 1925 441 1966 B
464 1925 513 1975 P,
535 1931 583 1965 ut
603 1931 645 1964 et
665 1937 738 1964 an-

247 1996 335 2053 guli
356 1995 409 2038 M
425 1995 461 2036 C
474 1994 532 2045 D,
565 1994 609 2035 N
625 1993 661 2035 C
680 1993 738 2043 P;

245 2080 361 2122 aufer
381 2093 619 2121 communes
639 2078 675 2119 N
696 2077 732 2118 B
750 2077 793 2118 D
814 2084 855 2117 et
877 2076 920 2118 N
942 2075 978 2117 C
998 2076 1057 2128 D,
1080 2086 1122 2120 et
1136 2081 1351 2124 restabunt
1370 2082 1549 2137 aequales
1564 2083 1608 2124 N
1625 2083 1662 2125 B
1680 2083 1733 2125 M
1748 2090 1790 2125 et
1802 2083 1839 2125 P
1860 2082 1899 2126 B
1914 2081 1971 2133 T,

245 2154 290 2196 N
311 2152 413 2195 CM
432 2158 474 2192 et
509 2151 546 2192 P
583 2149 618 2190 C
642 2150 708 2190 R:
749 2148 927 2204 ideoque
961 2149 1168 2207 triangula
1196 2152 1240 2193 N
1271 2153 1308 2194 B
1326 2153 1392 2203 M,
1418 2154 1454 2195 P
1472 2154 1508 2195 B
1526 2154 1568 2196 T
1588 2154 1735 2195 similia
1770 2161 1880 2205 sunt,
1920 2160 1969 2194 ut

244 2231 286 2266 et
304 2221 512 2279 triangula
532 2221 575 2262 N
593 2220 629 2261 C
647 2219 711 2269 M,
737 2219 773 2260 P
796 2219 832 2260 C
855 2219 910 2262 R.
955 2219 1097 2268 Quare
1119 2221 1155 2262 P
1175 2222 1217 2264 T
1237 2230 1299 2264 est
1319 2223 1373 2264 ad
1394 2224 1437 2265 N
1458 2224 1511 2266 M
1531 2232 1579 2266 ut
1600 2226 1636 2266 P
1658 2225 1696 2266 B
1717 2225 1770 2266 ad
1786 2225 1830 2266 N
1851 2224 1903 2275 B,
1925 2231 1969 2266 et

245 2297 281 2338 P
298 2296 339 2338 R
356 2295 407 2336 ad
428 2294 471 2336 N
487 2293 539 2335 M
559 2300 606 2333 ut
627 2293 663 2334 P
679 2292 715 2333 C
735 2291 788 2333 ad
805 2291 849 2333 N
870 2290 917 2332 C.
980 2291 1087 2333 Sunt
1106 2302 1243 2334 autem
1262 2303 1416 2349 puncta
1439 2295 1489 2346 B,
1515 2295 1564 2346 C,
1583 2296 1639 2347 N,
1663 2296 1700 2338 P
1719 2294 1962 2339 immobilia.

220 2368 359 2424 ‘Ergo
382 2366 418 2408 P
450 2366 491 2407 T
520 2373 562 2407 et
590 2365 625 2407 P
654 2365 695 2406 R
722 2363 861 2405 datam
894 2363 1051 2405 habent
1082 2366 1284 2407 rationem
1304 2366 1358 2407 ad
1378 2366 1422 2408 N
1443 2365 1506 2417 M,
1538 2366 1794 2421 proindeque
1822 2365 1963 2407 datam

242 2439 446 2480 rationem
466 2438 573 2478 inter
592 2451 660 2486 se3
696 2443 821 2491 atque
841 2434 936 2476 ideo
957 2439 1054 2490 [per
1075 2436 1194 2480 Lern.
1221 2437 1328 2478 XX.
1347 2437 1418 2492 (⁰)]
1433 2444 1636 2492 punctum
1657 2436 1716 2487 D,
1738 2443 1964 2492 perpetuus

241 2517 447 2552 rectarum
462 2507 674 2550 mobilium
699 2507 737 2548 B
758 2506 800 2547 T
820 2514 862 2547 et
883 2505 919 2547 C
942 2507 983 2548 R
1003 2521 1240 2558 concursus,
1273 2507 1476 2564 contingit
1502 2507 1725 2549 sectionem
1759 2508 1959 2558 conicum,

240 2595 316 2636 per
334 2587 488 2637 puncta
509 2579 561 2630 B,
585 2578 634 2629 C,
658 2577 695 2619 P
713 2583 1008 2619 transeuntem.
1071 2577 1126 2626 Q.
1158 2593 1193 2618 e.
1215 2577 1256 2618 d.

284 2708 330 2750 (ο)
353 2708 456 2749 Atque
477 2707 541 2738 ideo
552 2715 608 2746 per
623 2706 754 2738 Lemma
776 2704 859 2735 XX.
879 2704 934 2735 &c-
963 2709 1000 2734 ut
1027 2712 1082 2743 pa-
1128 2703 1156 2733 P
1172 2702 1202 2734 T
1219 2703 1258 2744 (si
1272 2714 1396 2735 necesse
1411 2703 1464 2745 sit)
1480 2704 1580 2737 donec
1593 2710 1696 2736 secent
1709 2711 1826 2737 rectam
1851 2706 1959 2738 datam

242 2756 307 2781 teat
337 2750 470 2781 Lemma
499 2749 579 2780 XX.
619 2747 659 2780 ad
682 2748 764 2779 hanc
789 2745 1081 2778 danuam-ationem
1126 2746 1165 2776 M
1182 2747 1215 2776 N
1229 2746 1261 2776 in
1279 2747 1310 2777 X
1328 2753 1360 2778 et
1376 2747 1410 2782 Ζ,
1435 2747 1494 2778 erit
1514 2747 1649 2788 angulus
1681 2748 1709 2778 B
1733 2748 1761 2778 P
1777 2748 1804 2779 Z
1827 2749 1961 2781 exterior

243 2792 400 2832 applicari,
436 2793 505 2823 haec
537 2796 611 2822 sunt
645 2789 819 2831 supplenda
861 2787 1080 2820 constructioni
1122 2794 1262 2828 respectu
1289 2789 1454 2830 Trianguli
1481 2789 1510 2820 P
1535 2790 1561 2819 Z
1590 2789 1634 2825 X,
1672 2789 1803 2831 ideoque
1831 2792 1958 2832 aequalin

244 2835 470 2866 Newtoniana.
1121 2831 1244 2872 angulis
1260 2832 1293 2862 X
1307 2837 1338 2862 et
1355 2832 1383 2863 P
1400 2833 1426 2862 Z
1443 2831 1489 2869 X,
1512 2837 1544 2863 et
1568 2832 1702 2873 angulus
1725 2833 1754 2864 B
1782 2834 1816 2865 N
1838 2833 1878 2867 M
1899 2835 1958 2866 erit

290 2877 484 2908 Concurrunt
504 2877 596 2908 lineae
621 2876 651 2908 B
682 2875 731 2913 M,
767 2876 795 2907 C
825 2874 866 2907 M
890 2873 924 2905 in
961 2879 1077 2913 puncto
1121 2874 1253 2904 exterior
1276 2880 1417 2914 respectu
1447 2874 1611 2915 Trianguli
1639 2875 1668 2905 Β
1694 2876 1728 2906 N
1749 2876 1783 2907 X
1824 2876 1957 2912 ideoque

241 2919 333 2950 lineae
350 2920 383 2950 N
413 2921 453 2951 M
478 2918 599 2950 infinite
623 2918 760 2957 distanti,
781 2919 840 2949 hoc
866 2922 921 2955 est,
944 2916 1006 2947 sint
1028 2916 1091 2947 illae
1119 2916 1246 2960 aequalis
1261 2916 1385 2956 angulis
1401 2917 1435 2947 Χ
1450 2922 1483 2947 et
1499 2917 1533 2947 X
1551 2917 1579 2948 B
1594 2917 1630 2952 N.
1653 2913 1762 2953 anguli
1771 2924 1841 2946 vero
1853 2915 1882 2947 B
1894 2917 1956 2950 ΡΖ

241 2961 333 2992 lineae
349 2962 382 2992 N
399 2962 439 2992 M
463 2962 628 3002 parallelae,
650 2967 682 2992 et
695 2961 850 2993 ducantur
863 2959 954 2992 lineae
981 2960 1010 2991 B
1030 2960 1062 2990 A
1160 2964 1193 2989 et
1205 2959 1234 2990 B
1253 2959 1285 2990 N
1302 2959 1342 2989 M
1371 2958 1506 2999 aequales
1519 2966 1593 2990 sunt
1617 2971 1672 2999 per
1695 2959 1954 2992 construction-

246 3004 273 3036 C
291 3003 476 3035 Afacientee
498 3015 572 3035 cum
596 3004 658 3035 inis
678 3004 769 3035 lineis
785 3005 814 3035 B
832 3003 881 3039 M.
907 3003 934 3035 C
950 3002 990 3034 M
1019 3012 1075 3032 an-
1119 3001 1262 3032 Newton.
1278 3012 1352 3042 ergo
1367 3001 1475 3041 anguli
1492 3002 1527 3032 X
1541 3007 1574 3032 et
1589 3003 1618 3032 P
1633 3003 1658 3033 Z
1672 3004 1706 3034 X
1719 3004 1853 3045 equales
1879 3009 1954 3035 sunt

241 3046 495 3088 gulo-MBA,
520 3046 748 3078 McAdatis
770 3045 914 3082 MBD,
940 3045 1075 3083 MCD
1117 3044 1432 3086 angulisXetXB
1464 3045 1507 3080 N,
1531 3045 1615 3076 unde
1634 3046 1770 3087 angulus
1795 3046 1826 3077 P
1849 3046 1876 3077 Z
1903 3045 1949 3082 X,

243 3088 386 3130 aequales.
434 3087 516 3119 Dico
537 3089 634 3119 lineas
659 3090 687 3119 B
715 3090 757 3126 A,
783 3089 810 3120 C
825 3089 856 3120 A
885 3088 951 3119 fore
975 3087 1074 3127 paral·
1118 3097 1212 3128 quem
1236 3087 1310 3118 facit
1334 3086 1416 3118 linea
1434 3087 1462 3118 P
1485 3087 1515 3118 T
1539 3098 1612 3118 cum
1634 3095 1715 3119 recta
1731 3089 1765 3120 N
1781 3089 1820 3120 M
1834 3093 1881 3120 est
1908 3098 1951 3119 ιο-

241 3131 317 3163 lelns
329 3130 419 3163 lineis
434 3131 461 3162 P
472 3131 511 3168 T,
531 3131 560 3161 P
578 3131 610 3161 R
620 3131 791 3161 secundum
813 3131 1072 3162 constructionem
1114 3129 1213 3170 qualis
1227 3129 1344 3170 angulo
1361 3131 1394 3160 X
1412 3130 1441 3161 B
1459 3130 1491 3161 N
1518 3130 1580 3161 sive
1594 3131 1711 3172 angulo
1732 3131 1805 3162 dato
1821 3131 1859 3162 M
1874 3131 1902 3161 B
1917 3130 1950 3160 D

245 3174 481 3207 Newtonianam
493 3173 667 3213 descriptis:
695 3174 859 3205 Productis
870 3173 953 3204 enim
963 3174 990 3205 B
1004 3174 1031 3204 P
1043 3179 1073 3203 et
1118 3183 1211 3214 quem
1233 3172 1305 3204 facit
1320 3172 1402 3204 linea
1418 3173 1447 3206 B
1462 3173 1493 3205 A
1509 3183 1581 3204 cum
1591 3173 1672 3204 linea
1690 3174 1718 3206 Β
1734 3174 1770 3206 Μ
1786 3174 1843 3213 ipsi
1860 3173 1892 3206 N
1909 3172 1949 3204 M
