2086 3542
129 260 276 301 me
300 259 516 313 ramus]
605 239 924 305 PRINC1P1A
955 260 1442 305 MATHEMATICA.
1735 269 1818 307 31³

128 376 188 418 les
207 377 473 432 et-parallelae
492 376 694 419 ducantur
712 393 875 434 semper
893 393 915 420 s
932 391 976 432 p,
998 392 1018 419 s
1037 392 1090 433 q;
1120 385 1162 419 et
1180 392 1305 419 curva
1322 391 1351 432 p
1371 393 1399 433 q
1417 391 1456 428 V,
1477 392 1600 434 quam
1620 386 1820 433 punctum

126 461 155 502 p
175 447 421 490 revolvendo
454 447 607 490 circum
640 457 841 504 punctum
873 450 1090 492 immotum
1122 465 1143 492 s
1174 447 1380 499 describit,
1413 449 1465 505 (b)
1494 449 1574 491 erit
1606 450 1748 492 similis
1776 458 1822 496 et

123 1127 290 1187 aequalis
311 1130 458 1182 curvis,
480 1145 581 1186 quas
601 1143 777 1185 corpora
798 1129 842 1179 S,
875 1128 912 1171 P
930 1128 1171 1173 describunt
1189 1129 1343 1172 circum
1363 1144 1407 1172 se
1426 1130 1596 1173 mutuo:
1627 1131 1821 1187 proinde-

126 1217 206 1259 que
237 1205 328 1257 (per
348 1201 505 1243 Theor.
528 1200 654 1253 XX.)
685 1199 827 1241 similis
847 1199 981 1241 cur*
1003 1200 1033 1242 S
1053 1199 1095 1242 T
1114 1208 1156 1242 et
1178 1200 1214 1242 P
1235 1200 1279 1250 Q
1298 1201 1352 1252 V,
1374 1202 1475 1257 quas
1490 1201 1635 1243 eadem
1650 1216 1824 1258 corpora

122 1271 359 1314 describunt
377 1272 532 1313 circum
554 1278 773 1312 commu'ne
792 1269 1003 1328 gravitatis
1024 1278 1209 1312 centrum
1233 1271 1294 1312 C:
1321 1271 1449 1328 idque
1469 1272 1564 1328 quia
1591 1273 1823 1328 proportio-

123 1359 197 1387 nes
217 1345 419 1387 linearum
441 1344 471 1385 S
493 1343 542 1394 C,
567 1343 603 1385 C
625 1343 674 1394 P,
696 1350 738 1384 et
760 1343 790 1386 S
811 1342 847 1384 P
866 1344 931 1383 vel
951 1356 970 1383 s
989 1356 1018 1397 p
1038 1342 1091 1383 ad
1111 1341 1285 1383 invicem
1305 1342 1468 1384 dantur.

183 1419 274 1460 Cas.
310 1423 347 1458 1.
381 1416 612 1459 Commune
631 1415 735 1456 illud
754 1415 963 1472 gravitatis
983 1417 1169 1456 centrum
1200 1415 1250 1466 C,
1285 1430 1362 1470 per
1390 1416 1530 1472 legum
1564 1416 1824 1458 corollarium

75 1521 78 1524 .
121 1496 325 1545 quartum,
346 1487 413 1528 vel
436 1486 620 1543 quiescit,
657 1485 722 1527 vel
755 1493 945 1526 movetur
974 1484 1231 1526 uniformiter
1263 1485 1307 1526 in
1342 1485 1555 1528 directum.
1615 1487 1825 1528 Ponamus

75 1550 77 1552 ¹
119 1558 268 1613 primo,
291 1557 405 1614 quod
424 1557 467 1598 id
488 1557 673 1613 quiescit,
698 1558 824 1614 inque
843 1573 862 1600 s
883 1565 925 1598 et
942 1572 971 1612 p
989 1556 1178 1599 locentur
1197 1572 1370 1613 corpora
1390 1558 1487 1609 duo,
1508 1559 1717 1601 immobile
1732 1560 1775 1600 in
1791 1574 1824 1610 s,

118 1628 271 1670 mobile
290 1628 335 1669 in
353 1642 397 1683 p,
420 1627 664 1682 corporibus
692 1628 722 1670 S
744 1635 786 1669 et
806 1627 842 1669 P
863 1627 1010 1668 similia
1039 1636 1082 1669 et
1110 1627 1295 1683 aequaJia.
1354 1628 1468 1670 Dein
1498 1636 1671 1686 tangant
1702 1638 1826 1671 rectae

123 1699 160 1741 P
183 1695 659 1753 RetprcurvasPQ
683 1697 1825 1756 etpqinPetp,etproducanturCQetsqadR

120 1777 163 1812 et
182 1784 217 1812 r.
278 1769 335 1812 Et
360 1769 416 1811 ob
445 1768 754 1811 similitudinem
782 1769 1011 1825 figurarum
1033 1768 1069 1810 C
1092 1768 1127 1810 P
1149 1769 1189 1811 R
1211 1768 1267 1820 Q,
1289 1784 1308 1811 s
1327 1784 1356 1825 p
1376 1784 1398 1810 r
1417 1785 1445 1826 q
1464 1769 1542 1812 erit
1561 1769 1602 1812 R
1624 1769 1668 1820 Q
1686 1770 1739 1811 ad
1759 1785 1780 1815 r
1799 1785 1828 1826 q

118 1849 167 1884 ut
188 1841 225 1883 C
246 1841 283 1883 P
303 1840 357 1882 ad
377 1856 396 1883 s
415 1854 459 1896 p,
490 1840 668 1897 ideoque
687 1841 731 1882 in
751 1840 846 1882 data
867 1841 1038 1882 ratione.
1100 1840 1282 1882 Proinde
1317 1841 1352 1882 si
1381 1841 1455 1893 vis,
1493 1841 1573 1898 qua
1606 1856 1754 1897 corpus
1791 1842 1827 1884 P

119 1926 264 1954 versus
285 1925 435 1967 corpus
459 1912 501 1962 S,
525 1919 648 1968 atque
668 1911 765 1954 ideo
783 1926 928 1954 versus
949 1920 1136 1954 centrum
1154 1912 1445 1954 intermedium
1459 1913 1496 1955 C
1511 1913 1740 1965 attrahitur,
1762 1929 1826 1956 es-

120 1990 183 2039 set
201 1982 255 2024 ad
274 1982 370 2033 vim,
394 1981 475 2038 qua
495 1996 646 2037 corpus
665 1997 695 2037 p
714 1997 858 2024 versus
878 1991 1066 2025 centrum
1086 1999 1105 2025 s
1125 1983 1357 2034 attrahitur,
1373 1983 1418 2025 in
1432 1982 1577 2026 eadem
1588 1983 1657 2026 illa
1669 1984 1827 2027 ratione

121 2053 244 2102 data:
272 2054 341 2110 hae
361 2054 467 2095 vires
486 2053 715 2110 aequalibus
735 2053 990 2108 temporibus
1010 2054 1262 2096 attraherent
1290 2069 1453 2110 semper
1472 2070 1644 2111 corpora
1664 2056 1716 2098 de
1736 2065 1827 2098 tan-

119 2125 311 2182 gentibus
334 2125 371 2166 P
394 2125 448 2175 R,
470 2139 498 2179 p
518 2139 541 2165 r
560 2124 614 2166 ad
635 2138 754 2165 arcus
783 2124 820 2166 P
844 2124 899 2175 Q,
930 2138 958 2179 p
979 2139 1007 2180 q
1034 2138 1109 2179 per
1137 2125 1351 2166 intervalla
1378 2125 1477 2180 ipsis
1504 2126 1827 2181 proportionalia

124 2196 166 2238 R
187 2196 244 2246 Q,
266 2210 288 2236 r
308 2210 347 2252 q,
370 2195 545 2251 ideoque
565 2195 627 2236 vis
646 2195 852 2250 posterior
872 2194 1064 2246 efficeret,
1085 2203 1132 2236 ut
1151 2210 1299 2250 corpus
1327 2210 1356 2250 p
1385 2204 1602 2252 gyraretur
1630 2197 1673 2238 in
1702 2198 1826 2239 curva

120 2282 150 2323 p
169 2282 197 2323 q
215 2281 254 2318 v,
276 2281 370 2322 quae
391 2266 536 2308 similis
557 2274 665 2308 esset
684 2280 829 2307 curvae·
845 2266 881 2308 P
902 2265 946 2315 Q
966 2266 1020 2316 V,
1042 2266 1085 2306 in
1106 2265 1185 2321 qua
1205 2266 1266 2307 vis
1295 2266 1410 2322 prior
1438 2264 1573 2318 efficit,
1603 2274 1650 2308 ut
1677 2281 1826 2322 corpus

122 2337 159 2380 P
178 2344 374 2395 gyretur3
406 2344 448 2379 et
466 2336 742 2378 revolutiones
764 2336 911 2379 iisdem
930 2336 1184 2391 temporibus
1200 2336 1515 2391 complerentur.
1560 2338 1620 2380 At
1631 2339 1825 2394 quoniam

120 2408 227 2451 vires
246 2408 330 2449 illae
347 2422 435 2450 non
455 2415 552 2449 sunt
571 2407 626 2449 ad
644 2407 822 2449 invicem
841 2408 885 2449 in
905 2408 1063 2450 ratione
1089 2408 1126 2450 C
1146 2408 1183 2450 P
1202 2409 1255 2450 ad
1274 2424 1294 2450 s
1313 2423 1355 2464 p,
1387 2409 1461 2450 sed
1490 2409 1563 2465 (ob
1593 2410 1824 2454 similitudi-

121 2494 219 2522 nem
238 2488 283 2533 ες
298 2479 575 2536 aequalitatem
595 2494 816 2535 corporum
838 2480 868 2522 S
890 2488 930 2522 et
950 2496 982 2531 s,
1006 2480 1042 2522 P
1062 2488 1103 2522 et
1121 2495 1163 2536 p,
1186 2489 1228 2522 et
1246 2481 1520 2536 aequalitatem
1541 2481 1824 2525 distantiarum

124 2552 155 2594 S
177 2550 227 2602 P,
250 2565 269 2592 s
289 2549 334 2605 p)
366 2548 443 2591 sibi
462 2549 608 2591 mutuo
637 2550 844 2607 aequales;
874 2565 1048 2605 corpora
1077 2551 1302 2607 aequalibus
1331 2552 1584 2610 temporibus
1613 2554 1825 2609 aequaliter

59 2653 62 2656 ι
121 2621 338 2677 trahentur
357 2621 410 2663 de
429 2622 718 2679 tangentibus:
751 2631 793 2665 et
803 2630 1035 2678 propterea,
1052 2631 1099 2664 ut
1110 2638 1260 2680 corpus
1278 2625 1480 2679 posterius
1500 2640 1528 2680 p
1548 2625 1735 2667 trahatur
1748 2642 1824 2682 per

122 2694 381 2741 intervallum
402 2694 534 2750 majus
552 2709 576 2735 r
595 2709 636 2751 q,
657 2695 879 2750 requiritur
898 2703 1060 2750 tempus
1079 2697 1223 2751 majUS,
1256 2697 1304 2751 (⁰)
1334 2697 1457 2753 idque
1477 2697 1520 2738 in
1539 2697 1822 2752 subduplicata

123 2766 284 2808 ratione
303 2765 642 2816 intervallorum
670 2774 891 2829 propterea
910 2767 1022 2823 quod
1052 2770 1146 2824 (per
1162 2767 1313 2809 lemma
1332 2768 1553 2823 decimum)
1584 2770 1713 2829 spatia
1732 2771 1822 2826 ipso

167 2892 213 2935 (δ)
238 2895 256 2913 ⁸
279 2894 350 2925 Erit
363 2894 466 2925 similis
479 2900 508 2926 et
527 2896 655 2935 equalis
675 2895 783 2931 curvis,
809 2899 847 2925 ut
869 2900 954 2934 patet
994 2894 1207 2934 subduplicatfi
1233 2895 1350 2926 ratione
1375 2896 1552 2926 eorumdem
1577 2897 1816 2936 intervallorum,

125 2946 164 2967 ex
179 2935 435 2966 demonstratione
447 2937 661 2975 propositionis
674 2937 849 2976 superioris.
994 2947 1050 2976 per
1075 2938 1164 2967 Lem.
1195 2937 1238 2967 X.
1278 2937 1384 2973 Quare
1405 2940 1430 2968 si
1454 2938 1627 2970 velocitates
1652 2941 1818 2973 uniformes

169 2976 214 3019 (ο)
237 2979 334 3017 quue
355 2979 390 3008 in
411 2978 618 3017 mbduplicatd
645 2981 763 3010 ratione
788 2981 954 3010 intervallo·
995 2979 1107 3018 quibus
1120 2980 1233 3009 similes
1247 2989 1335 3010 arcus
1349 2987 1505 3011 nascentes
1517 2992 1539 3020 p
1553 2992 1583 3022 q,
1602 2982 1631 3012 P
1646 2983 1679 3019 Q
1691 2985 1817 3024 aquali-

125 3031 208 3052 rum.
256 3019 460 3050 Nascentibus
472 3022 615 3057 arcubus*
661 3031 691 3060 q,
716 3021 744 3050 P
762 3021 795 3056 Q
813 3027 951 3060 tempora
992 3023 1051 3051 bus
1064 3021 1178 3052 viribus
1191 3023 1364 3060 cenuipetis
1385 3022 1603 3058 describuntur,
1619 3024 1760 3056 dicantur
1774 3027 1815 3063 V,

125 3061 238 3104 quibus
251 3060 464 3092 describuntur
476 3061 634 3094 intervalla
647 3073 663 3093 r
677 3073 705 3102 q,
726 3063 756 3093 R
773 3063 807 3099 Q
826 3069 899 3093 sunt
919 3063 952 3092 in
994 3073 1022 3098 v,
1037 3069 1175 3102 tempora
1191 3064 1230 3101 T,
1245 3070 1268 3102 t,
1287 3064 1344 3095 erit
1358 3064 1388 3095 Τ
1401 3067 1417 3084 ²
1433 3077 1441 3096 z
1460 3071 1472 3096 t
1486 3067 1502 3085 ²
1515 3071 1562 3096 ε’
1576 3076 1592 3096 t
1605 3077 1626 3108 q
1641 3079 1648 3098 ι
1671 3069 1702 3099 R
1719 3070 1752 3105 Q
1764 3081 1809 3098 =..-
