2086 3542
287 247 368 286 286
698 239 1149 284 PHILOSOPHIAE
1180 240 1540 284 NATURALIS
1627 239 1994 292 [Mo'n00m’0m

283 355 325 397 A
348 355 384 396 P
404 354 632 409 applicetur
661 353 715 395 ad
745 353 1075 410 semicycloidem
1109 354 1223 395 illam
1258 355 1299 396 A
1321 353 1357 395 P
1379 356 1409 397 S
1440 369 1582 396 versus
1616 369 1740 410 quam
1773 354 1988 411 pera-gitur

279 436 427 478 motus,
450 436 491 469 et
511 428 666 468 circum
685 441 776 469 eam
796 442 872 468 ceu
892 426 1151 468 obstaculum
1170 427 1372 478 flectatur,
1402 435 1602 482 parteque
1622 425 1838 482 reliqua?
1859 424 1901 467 T
1918 426 1986 468 cui

279 498 531 554 semicyclois
553 497 738 539 nondum
759 497 961 552 objicitur,
983 497 1255 552 protendatur
1283 497 1326 538 in
1356 497 1509 538 lineam
1537 505 1692 538 rectam
1706 512 1718 547 ;
1749 505 1792 537 et
1818 495 1983 551 pondus
2035 552 2039 562 x

281 568 322 610 T
341 568 591 609 oscillabitur
611 568 654 609 in
675 567 859 623 cycloide
879 565 973 608 data
998 567 1040 616 Q
1063 565 1103 608 R
1126 565 1172 609 S.
1235 564 1290 616 Q.
1311 582 1348 608 e.
1368 564 1397 607 f.

336 640 541 682 Occurrat
560 639 670 681 enim
690 639 807 680 filum
831 637 866 678 P
887 638 928 678 T
948 645 1046 678 tum
1057 637 1235 693 cycloidi
1254 637 1407 686 QRS
1426 636 1473 677 in
1486 635 1540 688 T,
1557 646 1647 679 tum
1662 637 1816 679 circulo
1833 637 1876 687 Q
1893 635 1934 699 Q
1951 638 1982 680 S

275 711 403 762 inv,
417 719 647 768 aguntque
668 710 707 751 C
725 710 793 758 V3
823 716 868 750 et
885 708 939 749 ad
958 708 1020 749 fili
1037 716 1199 762 partem
1219 715 1372 749 rectam
1396 708 1433 750 P
1453 707 1508 758 T,
1539 724 1563 749 e
1591 710 1755 764 punctis
1784 708 1981 763 extremis

281 781 389 824 Fac
407 782 461 833 T,
484 783 696 838 erigantur
714 779 1010 835 perpendicula
1031 780 1069 821 B
1094 779 1141 830 Ρ,
1167 779 1209 821 Τ
1231 780 1307 830 W,
1330 781 1586 832 occurrentia
1614 790 1737 824 rectae
1760 782 1796 824 C
1817 782 1858 823 V
1876 782 1919 823 in
1942 782 1991 830 Β,

275 863 317 896 et
339 855 414 897 W.
476 855 607 904 Patet,
641 853 692 908 (g)
725 867 778 899 ex
808 851 1113 893 constructione
1145 860 1187 892 et
1217 851 1361 908 genesi
1396 851 1590 893 simi-lium
1623 853 1849 910 figurarum
1869 853 1911 896 A
1933 836 1992 904 S,

278 927 310 968 S
330 927 402 978 R,
418 926 470 982 (¹¹)
499 923 797 982 perpendicula
830 923 900 965 illa
931 923 966 965 P
989 923 1042 974 B,
1064 922 1105 964 T
1127 922 1191 965 W
1224 922 1466 965 abscindere
1495 923 1550 965 de
1571 923 1607 964 C
1631 923 1672 966 V
1701 923 1980 981 longitudines

272 1064 318 1088 est
333 1057 490 1096 descripta,
514 1066 589 1097 ergo
614 1054 841 1095 semicycloides
864 1054 1022 1093 descriptae
1046 1063 1101 1092 per
1147 1054 1180 1084 D
1198 1054 1228 1084 A
1248 1054 1275 1084 F
1290 1054 1438 1084 insistens
1448 1055 1487 1085 sit
1501 1054 1536 1086 in
1560 1054 1763 1094 productim
1776 1053 1917 1089 line-210
1934 1053 1976 1093 V,

273 1107 394 1130 motum
408 1106 483 1129 rotae
498 1109 536 1129 ex
555 1098 584 1128 A
600 1096 818 1138 proficiscentis
840 1097 1046 1127 terminantur
1066 1096 1100 1126 in
1143 1097 1199 1127 erit
1214 1106 1302 1128 arcus
1322 1098 1350 1128 B
1368 1099 1399 1128 A
1416 1097 1542 1138 :vqualis
1557 1098 1643 1128 arcui
1667 1098 1696 1127 B
1714 1096 1744 1128 Ρ
1765 1096 1863 1137 (460)
1880 1101 1919 1128 σε
1932 1102 1990 1129 m

276 1144 308 1178 Q
321 1148 352 1172 et
369 1142 399 1173 S.
449 1143 489 1178 Q.
504 1152 530 1171 e.
550 1140 580 1171 d.
1145 1140 1174 1170 B
1193 1141 1221 1172 P
1235 1150 1379 1171 mensura
1393 1140 1481 1180 dupli
1496 1140 1606 1182 anguli
1622 1141 1651 1172 B
1669 1140 1701 1170 V
1716 1139 1746 1171 P
1754 1151 1766 1178 ;
1791 1139 1852 1170 Est
1865 1144 1983 1179 auten:

316 1184 360 1226 (⁸)
384 1188 456 1215 463.
485 1186 573 1215 Patet
588 1194 622 1213 ex
633 1182 850 1214 constructione
861 1188 889 1213 et
901 1183 1003 1221 genesi
1015 1183 1098 1212 simi-

270 1229 348 1259 lium
357 1229 536 1269 figurarum
554 1227 584 1257 A
601 1229 629 1262 S,
647 1229 670 1257 S
687 1228 734 1262 R,-
759 1225 884 1265 Figurae
906 1223 968 1254 illae
990 1223 1100 1254 dicun-

272 1276 323 1300 tur
337 1269 450 1300 similes
464 1269 538 1310 quia
563 1269 594 1298 A
613 1268 643 1299 0
659 1268 807 1298 diameter
821 1274 896 1297 rotae
911 1266 973 1307 qua
987 1266 1098 1296 descri-

270 1313 387 1343 buntur
412 1311 640 1351 semicycloides
657 1311 687 1341 A
705 1307 737 1346 S,
766 1310 798 1340 A
826 1310 858 1345 Q
882 1314 928 1340 est
951 1309 991 1339 ad
1013 1308 1099 1349 globi

273 1356 306 1386 D
325 1356 356 1385 A
374 1354 400 1385 F
411 1354 532 1384 radium
550 1354 580 1384 A
600 1354 625 1384 C
642 1358 678 1383 ut
690 1352 840 1382 diameter
856 1352 886 1383 0
906 1352 936 1382 R
951 1357 1025 1381 rotae
1037 1351 1099 1391 qua

271 1397 451 1428 describitur
466 1396 578 1436 cyclois
596 1397 628 1431 Q
641 1396 672 1426 R
690 1395 711 1426 S
726 1394 765 1426 ad
779 1394 865 1435 globi
883 1395 916 1430 Q,
932 1394 961 1424 Ο
980 1394 1001 1424 S
1016 1394 1098 1423 radi-

269 1450 325 1471 um
344 1440 373 1471 O
393 1440 429 1475 C,
454 1442 522 1480 (per
536 1438 666 1478 constr.)
689 1437 774 1468 unde
795 1436 994 1467 manifestum
1014 1436 1098 1476 quod

270 1481 422 1522 cycloides
448 1483 478 1512 A
497 1482 527 1518 S,
553 1481 584 1511 A
603 1481 644 1517 Q,
664 1481 698 1516 Q
713 1481 754 1514 R,
775 1489 845 1520 quae
871 1478 979 1509 eodem
1004 1478 1098 1509 modo

270 1525 486 1556 describuntur
500 1534 535 1554 uc
549 1523 794 1554 determinantur
815 1527 888 1554 sunt
908 1521 988 1551 inter
1009 1530 1042 1551 se
1057 1520 1097 1551 si-

271 1567 369 1598 miles.

313 1610 361 1652 (¹¹)
391 1612 407 1630 ⁴⁸
433 1610 654 1649 Perpendimda
665 1608 793 1645 illa‚&c.
810 1607 857 1637 10.
897 1605 1098 1637 Probandum

269 1652 354 1694 quod
371 1653 623 1693 perpendiculum
639 1654 669 1683 P
683 1654 714 1682 B
729 1651 883 1683 abscindat
897 1652 934 1680 de
951 1653 976 1681 C
997 1652 1021 1679 V
1032 1651 1096 1680 Ion-

266 1697 434 1735 gitudinem
465 1697 493 1725 V
514 1697 545 1726 B
569 1701 643 1726 rotae
665 1695 808 1725 diametro
835 1694 859 1724 0
881 1694 912 1724 A
936 1694 1094 1732 aequalem.

272 1737 422 1778 Fingatur
446 1742 545 1767 rotam
573 1737 616 1767 ita
640 1736 771 1776 positam
793 1740 830 1765 ut
854 1735 921 1776 ejus
944 1739 1097 1774 punctum

269 1780 441 1820 cycloidem
455 1779 629 1810 describens
649 1779 688 1810 sit
709 1777 742 1808 in
759 1778 797 1814 P,
824 1777 930 1817 liquet,
958 1787 996 1806 ex
1021 1786 1095 1806 con-

269 1823 444 1859 structione,
462 1832 531 1851 eam
543 1822 637 1862 hujus
656 1827 732 1851 rotae
757 1819 941 1850 diametrum
966 1829 1037 1859 quae
1060 1818 1096 1848 in
1112 1856 1114 1858 v

268 1865 328 1895 hoc
350 1875 422 1894 casu
443 1863 536 1903 globo
559 1870 604 1894 est
628 1861 887 1902 perpendicularis
911 1867 942 1891 et
966 1870 1046 1900 quae,
1068 1861 1096 1891 si

268 1906 464 1947 producatur,
480 1906 606 1935 transire
621 1905 710 1936 debet
725 1914 780 1944 per
793 1909 933 1934 centrum
946 1902 982 1939 C,
995 1903 1096 1933 utrin-

268 1959 329 1990 que
353 1948 510 1980 terminari
534 1948 643 1979 debere
668 1947 701 1977 in
726 1946 886 1986 superficie
910 1945 1094 1985 globorumg

268 1992 343 2024 Jam
372 1989 450 2022 —vere
488 1991 557 2032 (per
586 1991 764 2021 Demonstr.
795 1989 888 2027 Prop.
922 1987 1096 2019 XLVIII.

270 2033 424 2072 XLIX.)
470 2034 615 2072 Tangens
628 2031 773 2072 cycloidis
787 2031 893 2061 transit
907 2040 1026 2069 semper
1040 2039 1096 2069 per

268 2085 366 2107 unam
380 2076 604 2113 extremitatem
618 2075 685 2115 ejus
699 2073 840 2104 diametri
854 2080 929 2103 rotoe
943 2082 1012 2112 quae
1026 2072 1096 2114 glo-

268 2119 308 2151 bo
324 2126 369 2150 est
382 2117 642 2158 perpendicularis
656 2122 687 2147 et
700 2115 955 2155 perpendiculum
976 2114 1008 2144 in
1023 2121 1093 2145 tan-

267 2166 392 2201 gentem
407 2171 425 2190 e
439 2165 553 2199 puncto
572 2157 730 2190 contactus
751 2163 886 2189 erectum
910 2156 1019 2188 nansia
1038 2167 1094 2196 per

268 2204 395 2234 alteram
419 2204 558 2243 ejusdem
583 2201 724 2232 diametri
746 2200 979 2236 extremitatem,
1007 2209 1092 2240 ergo,

268 2255 342 2277 cum
356 2245 396 2276 sit
411 2247 464 2287 (ex
478 2244 591 2284 const.)
608 2244 698 2274 filum
716 2243 744 2274 P
760 2243 789 2274 T
803 2249 933 2283 tangens
948 2241 1094 2281 cycloidis

270 2287 305 2319 in
318 2293 436 2328 puncto
453 2285 491 2325 P,
516 2293 547 2318 et
574 2287 603 2317 P
619 2286 648 2317 B
663 2285 919 2326 perpendiculum
942 2284 976 2314 in
999 2280 1091 2321 illud,

268 2330 497 2361 intersectiones
512 2330 543 2360 V
558 2335 589 2360 et
605 2329 633 2360 B
649 2329 800 2359 linearum
818 2328 846 2358 P
860 2328 928 2358 Tet
942 2327 970 2357 P
983 2327 1011 2357 B
1024 2335 1097 2357 cum

268 2372 369 2414 globis
387 2373 420 2408 Q
436 2373 466 2404 Ο
484 2372 505 2403 8
520 2377 551 2403 et
567 2372 600 2402 D
619 2372 649 2402 A
667 2371 694 2402 F
710 2377 801 2402 erunt
815 2370 1020 2401 extremitates
1029 2370 1097 2410 ejus

269 2414 410 2446 diametri
424 2421 499 2445 rotae
513 2425 583 2456 quae
598 2415 624 2445 si
638 2414 824 2453 producatur
835 2412 943 2443 transit
956 2422 1010 2451 per
1024 2421 1096 2442 cen·

267 2463 353 2490 trum
381 2457 417 2495 C,
442 2468 517 2499 ergo
541 2457 634 2487 ducta
651 2457 677 2488 C
695 2454 733 2492 V,
757 2457 1007 2496 perpendiculum
1025 2456 1053 2485 P
1064 2456 1096 2485 B

266 2502 417 2532 abscindet
432 2502 468 2531 de
485 2503 512 2532 C
530 2500 785 2539 Vlongitudinem
809 2500 835 2527 V
846 2500 877 2529 B
892 2503 964 2529 rotae
984 2498 1096 2528 diame—

1141 2367 1812 2413 arcusVOsiveqmauBAsiveBP,
1835 2371 1967 2404 uteo

1140 2413 1414 2455 adCAideoque
1438 2421 1474 2446 ut
1496 2415 1798 2447 diameuimmum
1824 2413 1968 2447 ond

1143 2456 1173 2487 A
1200 2455 1230 2486 O
1261 2458 1314 2497 (ex
1336 2462 1431 2487 const.
1439 2457 1462 2497 ),
1484 2466 1573 2490 arcun
1595 2456 1670 2488 ver-‹⁸›
1693 2457 1885 2487 diversorum
1906 2456 1967 2487 dr-

1140 2498 1283 2528 culorum
1297 2498 1350 2538 qui
1364 2505 1437 2530 sunt
1450 2499 1531 2530 inter
1543 2509 1576 2530 se
1589 2505 1626 2531 ut
1638 2508 1765 2530 suonam
1779 2499 1967 2530 circnlmm

267 2548 315 2574 tw
332 2544 356 2573 0
372 2543 403 2573 A
417 2545 575 2583 oequalcm.
626 2541 666 2578 Q.
685 2551 712 2571 e.
749 2541 793 2571 10.
812 2540 842 2570 d.

312 2584 361 2615 20.
388 2586 645 2625 Perpendiculum
666 2585 695 2615 T
710 2586 747 2614 W
757 2584 902 2614 abscindit
912 2584 949 2613 de
960 2584 986 2614 C‘
1000 2583 1102 2613 the

265 2629 435 2667 gitudinem
466 2627 494 2657 V
511 2629 548 2658 W
565 2633 638 2657 rotae
660 2628 803 2657 diametro
827 2627 854 2657 ,0
881 2628 912 2656 R
934 2626 1094 2665 «equalem.

271 2669 424 2710 Fingatur
437 2675 505 2700 rota
526 2668 696 2709 cycloidem
721 2669 742 2698 S
761 2669 791 2698 R
810 2669 844 2704 Q
862 2667 1034 2698 desuflans
1054 2665 1098 2696 ita

267 2712 376 2751 posita,
392 2718 429 2742 ut
443 2711 509 2752 ejus
530 2711 678 2742 diameter
698 2710 790 2752 globo
814 2710 835 2740 S
852 2710 883 2741 O
901 2709 934 2745 Q
953 2707 1109 2746 ,insistens

271 2754 311 2784 sit
325 2753 358 2784 in
373 2753 455 2785 linea
469 2754 495 2785 C
512 2753 544 2784 V
558 2753 748 2794 globumque
763 2758 869 2794 tangat
881 2750 915 2782 in
926 2751 965 2788 V,
979 2750 1100 2781 dicatur

271 2806 305 2826 m
319 2796 415 2827 alteru
429 2796 604 2828 extremitas
625 2795 692 2836 ejus
717 2795 867 2831 diametri,
893 2799 926 2824 et
946 2792 1066 2823 dicatur
1079 2801 1099 2832 q

271 2845 424 2877 punctum
438 2838 523 2869 illius
538 2844 612 2868 rotae
627 2837 796 2878 cycloidem
817 2836 1007 2868 describens:
1036 2835 1098 2864 Ar-

272 2890 327 2910 cus
343 2881 373 2910 V
392 2881 413 2912 S
428 2880 485 2911 erit
499 2880 624 2921 aqualis
638 2880 723 2910 arcui
739 2880 804 2920 Vq
827 2881 919 2921 (460)
941 2882 1037 2917 utque
1051 2883 1098 2906 to-

271 2928 323 2951 tus
338 2932 426 2953 arcus
451 2923 472 2953 S
489 2923 519 2953 Ο
536 2928 582 2953 est
596 2922 722 2963 aequalis
743 2922 828 2953 arcui
845 2920 875 2951 V
888 2930 932 2957 m,
947 2919 1005 2949 erit
1020 2919 1050 2948 V
1067 2918 1098 2948 Ο

273 2975 319 2992 =
336 2974 355 3004 q
370 2974 412 3002 m,
429 2970 459 2995 et
472 2975 492 3005 q
506 2974 539 2995 m
554 2971 599 2996 est
609 2974 753 2995 mensura
763 2962 850 3003 dupli
859 2961 966 3003 anguli
978 2962 1004 2992 C
1018 2961 1048 2991 V
1059 2971 1098 3001 q;

274 3005 321 3036 Sit
335 3005 407 3036 vere>
422 3013 487 3037 rota
497 3006 670 3038 describens
683 3006 852 3047 cycloidem
871 3006 900 3046 A
919 3004 947 3035 P
964 3004 985 3034 S
999 3002 1097 3043 posita

270 3047 351 3079 sicut
364 3047 399 3077 in
412 3048 513 3087 priore
527 3059 609 3086 casu,
625 3050 684 3080 hoc
698 3055 753 3087 est,
770 3048 836 3089 ejus
846 3047 994 3078 diameter
1004 3045 1097 3087 globo

1141 2540 1290 2575 diarum-i,
1306 2546 1379 2571 sunt
1399 2541 1514 2572 similes
1533 2541 1663 2582 ideoque
1684 2541 1822 2582 ejusdem
1843 2539 1967 2575 numeu‘

1139 2582 1317 2623 graduum3
1341 2591 1415 2624 ego
1427 2583 1564 2624 angulus
1581 2584 1607 2615 C
1625 2584 1656 2614 V
1669 2593 1690 2624 q
1703 2589 1750 2614 est
1762 2583 1890 2624 aequalis
1909 2590 1966 2615 an-

1141 2624 1217 2665 gulo
1235 2625 1262 2655 B
1281 2625 1312 2654 V
1329 2624 1358 2655 P
1378 2626 1524 2665 quoniam
1546 2636 1635 2656 arcus
1654 2625 1709 2666 qui
1729 2631 1803 2656 sunt
1822 2634 1968 2657 mensum

1137 2676 1248 2697 eorum
1277 2666 1373 2706 dupli,
1400 2673 1473 2698 sunt
1495 2667 1631 2709 ejusdem
1654 2667 1776 2698 numeri
1800 2668 1965 2708 graduum,

1140 2708 1272 2748 ideoque
1286 2709 1331 2739 illi
1347 2709 1454 2750 anguli
1472 2710 1499 2741 C
1516 2710 1547 2740 V
1561 2720 1591 2750 q,
1611 2710 1639 2740 Β
1658 2710 1688 2739 V
1701 2709 1730 2740 P
1743 2716 1818 2740 sunt
1831 2719 1886 2750 per
1898 2718 1967 2741 ver-

1142 2751 1234 2781 ticem
1251 2752 1381 2790 oppositi
1397 2758 1428 2782 et
1445 2752 1473 2782 P
1489 2752 1519 2782 V
1533 2762 1553 2792 q
1567 2758 1613 2782 est
1626 2751 1707 2782 linea
1727 2758 1830 2791 recta;
1852 2752 1966 2795 itaque,

1142 2793 1231 2823 filum
1250 2794 1277 2824 P
1293 2794 1324 2823 V
1338 2793 1523 2833 productum
1539 2793 1578 2824 ad
1593 2793 1622 2824 T
1637 2794 1745 2825 transit
1765 2793 1830 2825 tam
1842 2798 1966 2834 perex-

1140 2835 1324 2866 tremitatem
1356 2836 1387 2866 V
1415 2835 1555 2866 diametri
1581 2842 1655 2866 rotoe
1679 2836 1774 2876 globo
1801 2835 1968 2869 induenti·

1141 2877 1234 2917 quam
1249 2887 1303 2916 per
1317 2878 1383 2918 ejus
1397 2883 1471 2908 rotae
1485 2885 1637 2916 punctum
1661 2889 1680 2918 q
1705 2878 1875 2919 cycloidem
1897 2878 1966 2913 defi-

1141 2921 1280 2957 cribens3
1317 2920 1403 2960 Ergo
1437 2926 1505 2960 (per
1536 2921 1630 2950 Dem.
1665 2920 1759 2960 Prop.
1791 2920 1963 2952 XLVIII.

1145 2961 1296 3000 XLIX.)
1321 2961 1409 2992 filum
1426 2961 1453 2992 Ρ
1471 2963 1500 2993 Τ
1513 2968 1560 2993 est
1572 2963 1824 3001 perpendiculum
1843 2962 1878 2994 in
1898 2968 1967 3000 tan-

1141 3010 1266 3044 gentem
1281 3003 1426 3043 cycloidis
1440 3004 1471 3033 in
1481 3011 1597 3043 puncto
1613 3005 1668 3035 illo
1681 3015 1700 3045 q
1712 3004 1775 3036 sive
1788 3005 1826 3042 T,
1836 3003 1967 3045 ideoque

1140 3055 1178 3076 ex
1192 3046 1417 3077 constructione
1431 3046 1512 3078 linea
1529 3047 1558 3078 T
1570 3047 1610 3078 W
1626 3047 1685 3078 erit
1698 3058 1734 3078 ea
1748 3046 1812 3088 ipsa
1825 3052 1965 3089 tangem,
