2086 3542
190 1595 197 1628 ἑ

213 250 270 291 26

634 245 1087 291 PHILOSOPHIAE
1118 245 1480 290 NATURALIS

1619 247 1816 299 [Anom.
1838 260 1934 289 ειη

215 368 260 417 tq
279 361 518 406 concursus:
554 362 652 405 dein
670 361 856 418 corporis
875 360 1086 417 utriusque
1111 367 1247 402 motus
1281 363 1373 416 (per
1394 351 1535 403 Corol.
1562 361 1644 414 11.)
1680 361 1936 418 distinguen-

215 430 292 474 dus
312 440 373 476 est
393 434 437 478 in
452 432 572 486 duos,
593 448 724 476 unum
741 433 840 474 huic
858 432 985 488 plano
998 430 1395 486 perpendicularem,
1418 431 1592 473 alterum
1604 431 1737 473 eidem
1757 431 1936 487 paralle-

215 501 321 546 lum:
351 511 488 546 motus
507 511 645 547 autem
664 503 863 559 paralleli,
898 509 1118 557 propterea
1137 501 1250 558 quod
1269 515 1445 557 corpora
1474 509 1600 558 agant
1618 502 1661 543 in
1682 518 1725 543 se
1757 502 1934 543 invicem

214 574 441 618 secundum
460 575 611 617 lineam
637 575 735 616 huic
769 568 894 628 p‘lano
919 572 1314 627 perpendicularem,
1348 572 1551 613 retinendi
1571 580 1666 614 sunt
1695 572 1821 614 iidem
1840 579 1935 628 post

215 645 480 688 reflexionem
492 653 614 703 atque
626 653 762 695 antea3
784 651 825 686 et
837 643 1016 684 motibus
1028 642 1433 698 perpendicularibus
1445 643 1689 684 mutationes
1700 643 1877 699 aequales
1888 643 1934 684 in

215 723 351 770 partes
366 716 590 759 contrarias
609 715 839 758 tribuendae
860 722 954 755 sunt
974 714 1044 764 sic,
1068 720 1115 754 ut
1134 727 1292 754 summa
1307 713 1629 768 conspirantium
1646 721 1691 755 et
1701 713 1932 756 differentia

215 788 517 845 contrariorum
535 794 700 830 maneat
719 786 862 829 eadem
882 800 974 842 quae
989 784 1115 839 prius.
1175 783 1246 825 Ex
1263 783 1504 839 hujusmodi
1522 784 1811 826 reflexionibus
1830 784 1931 826 oriri

215 857 339 899 etiam
362 858 494 899 solent
512 865 647 900 motus
667 857 883 900 circulares
903 869 1124 911 corporum
1138 854 1247 896 circa
1265 862 1406 895 centra
1425 854 1603 908 propria.

1664 854 1747 898 Sed
1766 854 1842 896 hos
1862 869 1929 896 ca-

215 942 282 971 sus
296 928 340 969 in
360 929 620 986 sequentibus
638 943 725 971 non
743 926 971 978 considero,
993 933 1035 968 et
1052 925 1174 967 nimis
1187 925 1359 983 longum
1379 931 1483 967 esset
1501 924 1641 966 omnia
1650 923 1733 967 huc
1744 933 1932 982 spectan-

215 998 273 1040 tia
300 998 592 1043 demonstrare.

788 1122 1250 1167 COROLLARIUM
1281 1121 1358 1164 IV.

217 1247 421 1289 Commune
430 1245 646 1301 gravitatis
668 1245 849 1287 Centrum
870 1245 935 1301 (⁰),
955 1259 1156 1299 corporum
1174 1246 1334 1288 duorum
1349 1246 1409 1287 vel
1420 1246 1613 1299 plurium,
1634 1246 1686 1287 ab
1703 1248 1921 1290 actionibus

269 1330 472 1370 corporum
492 1317 597 1357 inter
610 1330 651 1357 se
664 1330 742 1357 non
757 1321 881 1357 mutat
896 1321 1036 1358 statum
1051 1328 1156 1357 suum
1171 1316 1232 1356 vel
1248 1314 1371 1356 moltis
1384 1317 1444 1356 vel
1462 1316 1603 1369 quietis
1616 1338 1632 1362 ;
1664 1323 1701 1357 et
1712 1323 1927 1372 propterea

269 1399 470 1440 corporum
489 1386 656 1427 omnium
675 1386 719 1426 in
737 1401 777 1427 se
796 1392 925 1427 mutuo
953 1386 1151 1441 agentium
1172 1384 1360 1441 (exclusis
1379 1386 1594 1427 actionibus
1611 1392 1650 1428 et
1678 1388 1927 1441 impedimen-

269 1458 322 1498 tis
340 1456 539 1508 externis)
565 1469 758 1497 commune
780 1457 960 1497 Centrum
975 1456 1192 1511 gravitatis
1222 1456 1284 1497 vel
1308 1456 1467 1510 quiescit
1493 1456 1556 1498 vel
1578 1463 1747 1499 movetur
1774 1459 1926 1514 unffor-

269 1527 384 1568 miter
412 1519 463 1567 in*
474 1526 673 1568 directum.

264 1654 305 1686 ad
322 1655 352 1687 A
371 1655 411 1692 It,
434 1660 471 1686 ut
485 1654 624 1686 celeritas
638 1654 723 1697 globi
740 1656 777 1692 B,
803 1655 843 1686 ad
857 1654 1044 1687 celeritatem

211 1698 297 1740 globi
315 1698 362 1736 A;
385 1697 497 1739 globus
523 1698 553 1728 A
579 1699 612 1728 in
630 1699 671 1737 R,
694 1705 725 1729 et
752 1699 779 1729 B
799 1698 833 1728 in
857 1699 906 1734 M,
934 1698 1044 1729 eodem

210 1747 350 1780 tempore
363 1740 543 1780 pervenient
558 1741 625 1783 (6);
667 1741 811 1781 Cumque
834 1740 874 1771 sit
903 1741 941 1771 M
956 1742 1043 1771 R=

211 1783 244 1815 E
263 1784 308 1818 Η,
326 1782 410 1824 globi
428 1782 462 1812 in
477 1789 595 1822 puncto
612 1784 648 1819 C,
673 1793 706 1814 se
719 1782 832 1814 mutu&
854 1783 1045 1824 contingent,

210 1831 244 1856 et
256 1826 387 1865 planum
403 1825 430 1856 F
451 1825 490 1861 L,
515 1825 556 1856 ad
569 1825 692 1856 radium
718 1826 750 1856 R
767 1825 804 1861 C,
827 1826 860 1855 in
874 1832 992 1866 puncto
1009 1826 1044 1861 C,

208 1867 637 1909 perpendiculariterductum
647 1873 817 1908 utrumque
831 1867 961 1909 globum
972 1877 1046 1899 con-

208 1910 320 1951 tinget.
369 1910 410 1946 Q,
424 1920 450 1940 e.
470 1911 503 1940 d.·

254 1952 301 1995 (ο)
323 1956 376 1984 58.
396 1953 546 1983 Centrum
561 1953 718 1993 gravitatis
731 1953 866 1992 corporis
880 1953 1044 1994 cujusque,

207 2001 256 2026 est
269 2001 423 2035 punctum
436 1994 517 2027 intra
531 1995 579 2026 vel
589 1995 675 2027 extra
685 2005 796 2035 corpus
806 1996 950 2034 positum,
966 1995 1047 2026 circa

208 2038 294 2078 quod
309 2037 448 2078 undique
461 2043 562 2077 partes
576 2038 610 2068 in
624 2038 794 2078 aequilibrio
809 2039 987 2071 consistunt,
1004 2037 1048 2069 ita

208 2086 246 2110 ut
310 2090 365 2119 per
378 2080 437 2110 hoc
457 2087 609 2119 punctum
624 2080 755 2111 ducatur
768 2081 899 2120 planum
912 2080 1048 2121 figuram

206 2128 380 2162 ‘utcumque
389 2132 502 2155 secans.
516 2123 650 2162 corporis
659 2129 891 2163 segmentaquae
896 2123 1042 2163 utrinque

205 2170 283 2195 sunt
303 2164 384 2195 circa
396 2164 527 2204 planum
547 2165 627 2196 illud
640 2165 749 2196 libram
771 2165 1040 2205 aequiponderent3

205 2207 235 2237 si
262 2207 360 2248 igitur
386 2217 425 2237 ex
453 2213 559 2238 centro
594 2207 750 2248 gravitatis
777 2218 888 2247 corpus
916 2207 1042 2249 aliquod

206 2249 421 2288 suspendatur,
451 2250 561 2280 datum
587 2260 815 2291 quemcumque
843 2250 938 2280 situm
972 2250 1045 2280 reti-

205 2292 303 2328 nebit,
319 2298 351 2322 et
364 2301 484 2332 semper
498 2293 641 2333 quiescet.
657 2292 683 2323 si
698 2292 795 2323 centri
809 2292 967 2334 gravitatis
990 2292 1045 2323 de-

205 2344 334 2365 scensus
348 2334 552 2373 impediatur-3
575 2335 660 2365 unde
674 2340 772 2365 totam
794 2335 929 2374 corporis
942 2335 1045 2376 gravi-

207 2383 303 2407 tatem
317 2377 351 2406 in
366 2383 472 2407 centro
485 2377 644 2418 gravitatis
658 2377 789 2408 locatam
814 2377 940 2418 fingunt
966 2378 1039 2408 Me-

207 2419 335 2455 chanicL
361 2425 392 2449 et
413 2429 470 2458 pro
495 2429 621 2459 corpore
645 2420 731 2460 gravi
756 2420 859 2450 solum
883 2419 1040 2460 gravitatis

206 2467 350 2492 centrum
364 2461 398 2491 in
412 2461 477 2492 suis
491 2461 802 2493 demonstrationibus
816 2472 977 2503 surrogare
991 2472 1041 2492 so-

205 2503 280 2535 lent.
330 2504 466 2534 Planum
491 2505 648 2545 gravitatis
673 2511 718 2535 est
742 2505 843 2545 figura
867 2505 960 2545 plana
982 2515 1037 2544 per

206 2552 347 2577 centrum
361 2546 518 2587 gravitatis
529 2547 693 2585 transiens3
712 2547 874 2578 Diameter
883 2546 955 2577 vero
966 2557 1037 2587 gra-

206 2589 307 2619 vitatis
332 2595 378 2619 est
401 2595 485 2619 recta
508 2599 563 2629 per
588 2595 730 2620 centrum
755 2589 913 2629 gravitatis
937 2589 1038 2619 ducta.

209 2631 315 2666 Quare
328 2631 493 2670 planorum
507 2631 673 2672 gravitatis,
701 2631 875 2663 communis
897 2631 1039 2661 intersec-

205 2672 248 2703 tio
264 2673 450 2704 diametrum
464 2673 621 2715 gravitatis
642 2674 744 2709 efficit,
772 2679 804 2703 et
817 2673 851 2703 in
876 2673 1039 2704 diametro-

205 2724 278 2744 rum
292 2716 449 2755 gravitatis
463 2726 615 2747 concursu
630 2722 773 2746 centrum
787 2716 945 2756 gravitatis
958 2715 1040 2754 posi-

204 2762 274 2786 tum
288 2764 341 2787 est.
370 2779 374 2784 .
391 2759 543 2789 Centrum
560 2758 783 2799 magnitudinis
796 2763 923 2788 vocatur
936 2767 1035 2796 punc-

203 2804 273 2828 tum
287 2799 376 2837 illud,
401 2811 455 2839 per
469 2800 553 2841 quod
567 2800 663 2831 divisa
677 2799 861 2841 magnitudo
888 2799 1035 2839 relinquit

201 2840 281 2871 duas
301 2848 403 2880 partes
418 2843 562 2883 utrinque
577 2843 724 2883 aequales3
747 2848 783 2873 ut
807 2842 840 2872 in
864 2841 979 2872 circulo
1004 2847 1036 2872 et

200 2882 311 2922 ellipsi,
334 2883 435 2914 ductis
449 2891 619 2926 utcumque
632 2895 688 2925 per
701 2891 843 2916 centrum
857 2884 946 2914 lineis
970 2894 1035 2914 rec-

199 2925 246 2958 tis.
273 2925 364 2955 lineae
387 2925 448 2955 111ae
472 2932 597 2967 totaque
626 2928 726 2969 figura
743 2927 779 2966 ἱιιι
791 2932 892 2967 partes
905 2926 1038 2966 aequales

199 2966 381 2998 dividuntur
394 2980 403 3005 ;
425 2978 461 2998 ac
475 2969 606 3007 proinde
621 2970 645 3000 si
660 2970 765 3011 gravia
778 2970 978 3009 homogenea,
1001 2968 1034 2998 id

198 3015 252 3046 est,
268 3019 402 3050 quorum
423 3011 586 3050 gravitates
601 3018 674 3042 sunt
688 3011 897 3042 voluminibus
907 3021 1033 3050 propor-

140 3087 142 3089 ,
197 3051 335 3087 aonides,
366 3052 538 3083 secundum
561 3053 789 3094 longitudinem
814 3054 846 3084 in
869 3060 970 3093 partes
993 3064 1035 3083 Sl-

196 3094 285 3125 miles
299 3100 330 3125 et
344 3094 477 3135 aequales
491 3096 584 3125 secari
599 3097 723 3134 possint,
741 3102 882 3127 centrum
902 3096 1034 3138 gravita-

196 3137 233 3169 tis
248 3147 266 3168 a
280 3142 385 3168 centro
399 3136 623 3178 magnitudinis
638 3148 700 3168 non
715 3139 828 3170 differt.

1130 1658 1181 1688 59.
1210 1654 1261 1687 Ex
1283 1655 1367 1687 hisce
1381 1653 1615 1688 definitionibus
1637 1655 1730 1689 facile
1754 1657 1922 1700 colligitur,

1085 1699 1226 1729 omnium
1241 1699 1437 1734 circulorum,
1453 1699 1619 1738 ellipsium,
1635 1700 1824 1739 sphaerarum
1839 1707 1871 1732 et
1885 1702 1923 1732 fi-

1084 1751 1233 1782 gurarum
1248 1741 1426 1783 quarumvis
1439 1741 1639 1782 regularium,
1655 1748 1796 1773 centrum
1821 1744 1922 1784 gravi-

1088 1784 1159 1814 tatis
1172 1783 1256 1814 idem
1270 1794 1336 1814 esse
1350 1793 1424 1814 cum
1444 1790 1550 1814 centro
1572 1784 1804 1825 magnitudinis,
1829 1786 1925 1818 modo

1088 1832 1192 1857 tamen
1206 1826 1311 1866 gravia
1331 1831 1546 1865 supponantur
1569 1827 1770 1868 homogenea.
1831 1829 1871 1860 In
1885 1829 1924 1860 fi-

1088 1868 1175 1909 guris
1183 1874 1288 1899 autem
1298 1868 1523 1909 irregularibus,
1536 1869 1694 1901 communi
1706 1869 1840 1902 duorum
1851 1882 1923 1912 gru

1090 1911 1193 1941 vitatis
1224 1910 1445 1942 diametrorum
1477 1910 1693 1943 intersectione
1725 1911 1924 1945 determinari

1089 1958 1190 1992 potest
1203 1958 1346 1984 centrum
1359 1952 1517 1994 gravitatis
1539 1953 1622 1996 (58).
1650 1954 1701 1985 Sic
1725 1954 1758 1985 in
1783 1956 1923 1996 quolibet

1089 1995 1385 2036 parallelogrammo.
1401 2001 1544 2026 centrum
1557 1995 1637 2026 illud
1651 1996 1685 2026 in
1699 1996 1834 2029 duarum
1855 1998 1923 2030 dia-

1089 2037 1251 2079 gonalium
1261 2048 1413 2070 concursu
1426 2037 1562 2076 positum
1574 2044 1633 2078 est5
1655 2038 1689 2069 in
1704 2039 1861 2081 triangulo
1875 2051 1923 2072 re-

1089 2080 1207 2120 peritur
1226 2080 1260 2110 in
1275 2080 1488 2111 intersectione
1503 2080 1636 2111 duarum
1649 2087 1802 2112 rectarum
1817 2093 1888 2124 quae
1902 2094 1923 2115 ι

1084 2123 1207 2154 duobus
1220 2122 1345 2164 angulis
1359 2122 1469 2157 ductae‚
1485 2122 1584 2154 latera
1598 2123 1723 2164 angulis
1736 2123 1799 2155 illis
1820 2135 1920 2166 oppo-

1083 2165 1150 2202 sita,
1166 2171 1328 2205 totumque
1338 2164 1468 2205 proinde
1478 2165 1669 2206 triangulum
1683 2166 1834 2204 bifariam,
1847 2168 1922 2200 ade-

1084 2212 1164 2247 oque
1178 2207 1211 2238 in
1225 2214 1327 2247 partes
1348 2207 1634 2248 aequiponderantes
1661 2214 1773 2244 secant.
1793 2209 1920 2251 inpris-

1087 2250 1223 2280 matibus
1237 2256 1268 2280 et
1276 2249 1431 2290 cylindriS,
1448 2256 1590 2285 centrum
1597 2251 1754 2291 gravitatis
1765 2258 1811 2283 est
1820 2262 1920 2292 punc-

1086 2298 1155 2323 tum
1180 2292 1320 2323 medium
1337 2299 1429 2323 rectae
1443 2292 1563 2323 basium
1585 2293 1793 2332 oppositarum
1815 2301 1920 2327 centra

1086 2335 1306 2376 conjungentis
1317 2347 1326 2373 ;
1348 2341 1380 2366 et
1388 2335 1570 2375 generaliter
1579 2335 1613 2365 in
1624 2335 1768 2367 omnibus
1781 2338 1917 2376 corpori.

1082 2377 1141 2408 bu's
1162 2377 1360 2418 quantumvis
1381 2377 1574 2408 difformibus
1595 2384 1738 2408 centrum
1760 2379 1918 2419 gravitatis

1082 2418 1260 2450 mechanici}
1268 2419 1432 2456 invenitur,
1449 2419 1475 2449 si
1485 2429 1596 2458 corpus
1609 2420 1648 2451 ab
1658 2420 1762 2461 aliqua
1771 2421 1819 2452 sui
1830 2426 1918 2461 parte

1082 2461 1178 2493 libere
1192 2461 1407 2501 suspendatur,
1424 2466 1455 2491 et
1469 2462 1507 2491 ab
1517 2460 1624 2492 eadem
1638 2469 1725 2501 parte
1733 2474 1752 2494 a
1765 2463 1828 2504 qufi
1840 2475 1917 2504 pen-

1079 2505 1140 2539 det,
1166 2504 1345 2534 demittatur
1357 2502 1612 2542 perpendiculum
1627 2504 1670 2535 ita
1689 2510 1726 2537 ut
1739 2506 1773 2536 in
1787 2517 1915 2547 corpore

1079 2546 1161 2576 linea
1175 2556 1268 2586 quam
1291 2545 1398 2576 fecerit
1421 2545 1633 2584 perpendiculi
1657 2547 1748 2579 filum
1764 2555 1913 2588 notetur3

1084 2588 1195 2618 deinde
1210 2589 1248 2618 ab
1263 2586 1322 2618 alia
1337 2594 1423 2626 parte
1438 2597 1549 2627 corpus
1570 2588 1652 2620 idem
1677 2590 1772 2621 libere
1786 2602 1914 2631 suspen.

1083 2629 1175 2660 datur
1189 2637 1224 2661 ut
1237 2629 1330 2670 prius,
1346 2636 1531 2670 noteturque
1544 2630 1656 2662 iterum
1676 2632 1759 2664 linea
1783 2643 1914 2673 perpen-

1082 2672 1179 2703 diculi
1193 2673 1232 2702 ab
1254 2671 1313 2702 hac
1327 2678 1412 2711 parte
1435 2683 1526 2713 super
1540 2683 1651 2713 corpus
1672 2674 1816 2713 demissi;
1839 2686 1914 2707 con-

1082 2725 1191 2745 cursus
1206 2715 1290 2745 enim
1305 2714 1439 2745 duorum
1455 2714 1578 2745 filorum
1592 2717 1803 2756 perpendiculi
1829 2720 1913 2759 (quae

1079 2763 1152 2787 sunt
1166 2756 1307 2787 diametri
1322 2756 1494 2798 gravitatis)
1517 2757 1575 2788 erit
1589 2765 1731 2791 centrum
1755 2760 1914 2801 grav-itatis

1078 2799 1212 2838 corporis
1232 2799 1305 2829 dati.

1120 2846 1170 2872 60.
1188 2842 1303 2872 Centra
1311 2841 1467 2882 gravitatis
1481 2852 1500 2872 a
1513 2847 1544 2872 et
1554 2843 1584 2879 b,
1600 2853 1764 2883 corporum
1782 2844 1807 2875 A
1827 2851 1858 2876 et
1873 2845 1911 2884 B,

1079 2883 1162 2914 rectii
1185 2893 1239 2913 seu
1257 2890 1342 2914 vecte
1366 2883 1525 2914 inflexibili
1548 2891 1579 2915 et
1600 2886 1757 2925 gravitatis
1779 2894 1910 2927 experte,

1080 2937 1100 2956 a
1113 2927 1134 2956 b
1143 2926 1339 2966 jungantur-3
1362 2931 1393 2956 et
1407 2925 1450 2956 ita
1464 2925 1618 2958 dividatur
1629 2938 1647 2957 a
1658 2929 1686 2964 b,
1709 2929 1742 2959 in
1770 2930 1807 2966 C,
1823 2937 1859 2961 ut
1872 2930 1913 2961 sit

1076 2967 1200 3008 pondus
1217 2969 1256 3003 A,
1274 2967 1313 2998 ad
1327 2968 1450 3007 pondus
1464 2969 1502 3004 B,
1518 2974 1554 2999 ut
1571 2970 1597 3001 C
1612 2971 1642 3007 b,
1659 2971 1698 3000 ad
1717 2971 1742 3002 C
1758 2982 1785 3007 a,
1811 2982 1912 3012 punc-

1077 3017 1146 3041 tum
1171 3010 1207 3047 C,
1230 3010 1287 3040 erit
1300 3017 1441 3041 centrum
1466 3011 1622 3051 gravitatis
1644 3023 1810 3044 commune
1832 3014 1911 3045 duo-

1077 3063 1149 3083 rum
1167 3063 1331 3092 corporum
1348 3054 1378 3083 A
1403 3058 1434 3084 et
1460 3054 1525 3084 B...
1544 3056 1664 3086 Dem...
1690 3061 1844 3095 punctum
1871 3057 1909 3093 C,

1077 3095 1175 3126 fixum
1190 3101 1321 3132 maneat,
1339 3095 1439 3137 sitque
1451 3099 1494 3127 1⁰.
1513 3107 1532 3127 a
1542 3097 1571 3134 b,
1584 3097 1735 3130 horizonti
1749 3098 1911 3139 parallela,
