2086 3542
231 258 313 298 190
595 244 1039 292 PmmSOPfflAE
1068 241 1427 288 NATURAms
1547 243 1694 296 [Μαι.
1715 241 1921 288 eom
1963 221 1965 223 ’

227 367 338 410 linea
354 378 430 422 per
446 369 646 421 punctum
664 360 835 419 quodvis
852 359 1053 417 positione
1073 358 1214 401 datum
1232 356 1418 409 ducatur,
1449 370 1541 414 quoe
1559 356 1699 400 datam
1718 356 1812 398 coni
1829 368 1918 401 ισο-

225 438 380 482 tionem
396 438 442 479 in
469 436 631 493 punctis
651 435 811 477 duobus
830 435 1057 484 intersecet,
1089 441 1130 475 et
1162 431 1495 474 intel-sectionum
1525 431 1784 473 intervallum
1808 430 1922 473 biseae

227 518 353 560 cetur,
374 515 572 564 punctum
589 505 821 548 bisectionis
854 511 995 561 tanget
1027 503 1149 545 aliam
1177 503 1270 544 coni
1299 502 1520 544 sectionem
1553 501 1735 557 ejusdem
1766 499 1921 556 speciei
1962 511 1969 519 ·

227 592 322 622 cum
349 578 498 634 priore,
528 584 650 633 atque
669 589 765 617 axes
783 573 1004 616 habentem
1022 572 1170 629 prionis
1189 571 1334 614 axibus
1352 570 1582 626 parallelos.
1641 570 1726 614 Sed
1738 583 1918 626 propero

229 649 283 694 ad
301 650 430 708 magis
450 648 576 691 utilia.

854 742 1086 803 LEMMA
1115 743 1288 785 XXVI.

234 841 447 896 Trianguli
464 840 587 894 specie
605 845 643 880 et
661 836 927 892 magnitudine
946 835 1033 876 dati
1051 841 1128 875 tres
1146 835 1308 888 angulos
1326 833 1383 874 ad
1411 837 1535 875 rectas
1562 833 1718 875 totidem
1726 833 1921 888 positione

281 913 409 961 datas,
439 922 526 964 quae
543 922 622 949 non
639 913 728 948 sunt
756 919 881 947 omnes
891 904 1114 958 parallelae,
1145 903 1319 956 singulos
1331 903 1386 942 ad
1402 902 1577 956 singulas
1587 914 1749 955 ponere.

281 1009 448 1052 Dantur
470 1006 673 1062 positione
692 1013 775 1046 tres
808 1011 931 1045 rectae
957 1002 1128 1043 infinitae
1150 1002 1189 1043 A
1212 1001 1262 1051 B,
1297 1001 1338 1042 A
1356 1000 1405 1051 C,
1429 1000 1466 1042 B
1482 1001 1531 1050 C,
1553 1008 1596 1043 et
1612 1009 1777 1056 oportet
1794 1002 1922 1044 trian-

225 1079 369 1136 gulum
406 1077 451 1119 D
484 1076 522 1117 E
543 1075 579 1117 F
607 1075 665 1116 ita
693 1074 855 1123 locare„
873 1079 921 1113 ut
948 1070 1122 1127 angulus
1146 1071 1232 1125 ejus
1252 1070 1296 1111 D
1325 1069 1476 1111 lineam
1492 1070 1534 1111 A
1554 1069 1604 1120 B,
1622 1066 1798 1127 angulus
1819 1071 1923 1112 Eli-

222 1163 343 1191 neam
363 1148 405 1189 A
426 1147 476 1197 C,
498 1140 540 1187 et
564 1143 738 1200 angulus
765 1143 801 1184 F
818 1142 970 1183 lineam
1002 1141 1039 1182 B
1067 1140 1104 1181 C
1129 1147 1282 1196 tangat.
1329 1140 1462 1194 Super
1480 1140 1525 1181 D
1547 1139 1598 1190 E,
1635 1140 1678 1181 D
1702 1140 1736 1182 F
1755 1149 1797 1182 et
1817 1140 1859 1182 E·
1871 1140 1926 1192 F,

224 1218 408 1261 describe
427 1216 507 1258 tria
525 1214 773 1256 circulorum
785 1219 995 1270 segmenta
1010 1211 1054 1253 D
1073 1211 1113 1252 R
1130 1210 1180 1260 E,
1202 1209 1355 1260 DGF,
1375 1210 1412 1251 E
1430 1209 1481 1252 M
1495 1210 1544 1260 F,
1566 1224 1660 1265 quae
1673 1210 1837 1265 capiant
1848 1225 1927 1253 an-

222 1300 363 1333 sectionis
399 1298 514 1330 oonicae
540 1297 572 1328 A
603 1297 631 1328 F
657 1296 692 1328 D
713 1296 742 1327 E
768 1301 878 1337 agatur
905 1295 1055 1325 diameter
1094 1292 1129 1322 in
1145 1292 1174 1323 L
1189 1297 1220 1323 et
1244 1291 1371 1323 sectioni
1391 1292 1425 1321 in
1441 1292 1489 1329 M,
1511 1297 1604 1323 erunt
1633 1293 1655 1324 S
1682 1292 1732 1331 M,
1755 1292 1790 1324 N
1807 1294 1834 1326 C
1856 1292 1923 1326 dia-

227 1345 259 1375 A
277 1344 320 1381 D,
342 1341 412 1373 tum
433 1340 582 1371 dimetro
598 1339 628 1370 P
645 1339 682 1376 C,
704 1348 774 1379 quae
797 1337 906 1368 similis
929 1337 969 1367 sit
988 1335 1054 1366 dia-
1095 1335 1186 1365 meni
1199 1334 1322 1371 similes,
1345 1339 1376 1364 et
1390 1343 1497 1364 earum
1517 1334 1665 1365 ordinata
1685 1335 1847 1374 parallelae,
1869 1335 1924 1367 sed

224 1391 323 1416 metro
340 1385 371 1414 A
388 1383 433 1420 D,
455 1380 719 1413 describaturalia
743 1378 1057 1410 sectiocouicaPM
1099 1377 1220 1416 quisi-n
1244 1374 1571 1416 triangt'ilissimilibus
1595 1375 1716 1412 PSL,
1736 1374 1856 1408 ch
1878 1382 1926 1409 est

227 1427 262 1460 K
292 1427 330 1465 C,
353 1423 492 1468 ejusdem
516 1423 630 1465 speciei
656 1432 732 1453 cum
754 1421 835 1460 dats,
865 1421 1059 1452 etdiameter
1101 1419 1131 1450 P
1161 1419 1250 1450 S=
1274 1419 1296 1448 S
1319 1418 1346 1448 C
1368 1418 1425 1447 erit
1452 1427 1576 1458 quoque
1598 1417 1628 1449 P
1649 1417 1747 1449 L=
1769 1418 1799 1450 L
1823 1418 1926 1456 Igne

1098 1460 1228 1502 proinde
1242 1460 1270 1491 P
1280 1460 1310 1491 L·
1324 1459 1358 1490 K
1370 1459 1428 1489 erit
1437 1459 1579 1490 ordinata
1592 1459 1633 1490 ad
1646 1460 1834 1491 diametrum
1847 1460 1923 1498 SM.

1103 1502 1240 1543 adeoque
1257 1502 1289 1533 G
1312 1501 1345 1532 K
1373 1501 1409 1531 H
1435 1500 1493 1532 erit
1520 1501 1660 1533 ordinata
1684 1502 1723 1533 ad
1742 1501 1927 1533 diametrum

1105 1546 1136 1576 N
1156 1545 1202 1583 C;
1224 1554 1319 1585 quare
1336 1543 1474 1574 GK=
1491 1543 1927 1584 KHergopunctumbiseo-

1102 1589 1192 1620 tion&
1201 1590 1238 1619 K
1242 1592 1340 1626 tanget
1350 1587 1576 1625 curvamprzon'
1585 1587 1709 1618 similem
1714 1592 1742 1617 et
1747 1587 1927 1618 aoeeshaben-

1105 1635 1165 1661 tem
1176 1630 1286 1669 primis
1305 1629 1406 1659 axibus
1414 1629 1580 1667 parallelos.
1607 1627 1784 1659 Eademest
1799 1628 1928 1660 demon-

1106 1671 1220 1708 stratio,
1235 1671 1261 1700 si
1273 1675 1426 1709 punctum
1436 1669 1465 1699 P
1476 1675 1562 1699 extra
1569 1669 1734 1700 sectionem
1748 1675 1897 1701 sumatur.

1052 1727 1098 1776 α
1161 1715 1234 1744 354.
1274 1711 1493 1752 Adjungemus
1524 1710 1611 1742 aliud
1636 1711 1768 1742 Lemma
1794 1711 1930 1744 maxima

1106 1753 1284 1785 universale.
1320 1754 1353 1784 si
1366 1763 1405 1784 ex
1418 1759 1534 1792 puncto
1548 1753 1654 1792 quovis
1670 1754 1699 1784 P
1713 1752 1784 1783 dato
1797 1754 1930 1785 ducatur

1107 1803 1190 1827 recta
1207 1796 1285 1831 PB,
1309 1805 1410 1826 curvae
1431 1794 1644 1827 cuilibetAB
1662 1795 1689 1827 C
1714 1805 1876 1827 occurrens
1893 1796 1929 1828 in

774 1507 819 1555 F

1110 2428 1149 2464 B,
1176 2434 1302 2458 etr-ecta
1315 2427 1369 2458 illa
1386 2427 1414 2458 P
1430 2428 1458 2458 B
1485 2426 1528 2458 it&
1549 2425 1701 2458 dividatur
1725 2425 1758 2458 in
1785 2427 1816 2463 b,
1838 2431 1876 2458 nt
1889 2425 1929 2458 sit

541 2491 550 2501 .
1101 2479 1221 2509 semper
1237 2470 1265 2500 P
1278 2471 1300 2500 b
1313 2469 1354 2500 ad
1370 2469 1399 2501 P
1426 2470 1455 2500 Β
1483 2469 1518 2499 in
1531 2468 1648 2500 ratione
1670 2467 1753 2506 data,
1774 2474 1928 2508 punctum

540 2507 550 2514 ”
1042 2518 1049 2531 ⁵
1099 2513 1130 2548 b,
1152 2517 1259 2552 tanget
1272 2521 1398 2542 curvam
1411 2522 1431 2541 a
1450 2512 1471 2541 b
1485 2520 1503 2540 c
1523 2510 1663 2551 ejusdem
1676 2510 1787 2549 speciei
1800 2515 1832 2541 et
1843 2509 1928 2542 ordi.

511 2536 567 2581 Η
1100 2553 1148 2583 nis
1168 2563 1241 2583 cum
1260 2552 1354 2583 curva
1380 2553 1411 2583 A
1427 2553 1455 2583 B
1479 2553 1515 2588 C,
1538 2558 1630 2592 atque
1644 2551 1740 2583 lineas
1763 2553 1928 2584 habentem

1103 2595 1254 2625 similibus
1296 2604 1398 2624 curvae
1443 2595 1473 2625 A
1505 2595 1534 2626 B
1574 2594 1601 2626 C
1629 2593 1719 2625 lineis
1756 2593 1928 2634 parallelas.

225 2630 387 2678 conjugata
414 2631 510 2670 ipsius
533 2630 561 2662 P
585 2633 621 2669 C,
645 2633 753 2664 similis
774 2634 831 2665 erit
859 2640 890 2665 et
911 2635 1056 2675 pax-allelu
1100 2637 1184 2666 Nam
1212 2636 1238 2666 si
1265 2636 1359 2666 fuerit
1384 2637 1415 2666 A
1433 2637 1460 2667 B
1477 2637 1503 2668 C
1518 2636 1709 2677 polygonum
1733 2635 1928 2667 rectilineum

226 2671 375 2719 flumem)
392 2674 423 2704 R
441 2675 482 2711 Q„
504 2674 679 2716 conjugafiae
703 2676 800 2714 ipsius
824 2677 853 2706 A
872 2677 916 2714 D,
939 2683 970 2707 et
982 2678 1056 2718 quia
1098 2679 1188 2719 cujus
1201 2677 1282 2708 latus
1293 2687 1394 2708 unum
1411 2679 1440 2709 B
1459 2679 1495 2716 C,
1518 2688 1591 2709 cum
1605 2677 1645 2709 sit
1660 2679 1729 2719 (per
1738 2678 1824 2718 hyp.)
1841 2677 1869 2709 P
1882 2679 1923 2709 b:

227 2722 261 2742 m
275 2714 393 2745 duabus
406 2714 514 2756 figuris
536 2716 696 2754 similibus,
720 2718 746 2747 si
761 2718 824 2749 duo
837 2718 933 2749 latera
946 2719 1055 2750 homo-
1101 2720 1129 2750 P
1147 2720 1174 2750 B
1199 2733 1245 2749 =
1274 2720 1302 2750 P
1326 2730 1366 2750 c:
1389 2720 1417 2751 P
1441 2720 1478 2757 C,
1513 2719 1626 2750 similia
1653 2725 1744 2750 erunt
1772 2719 1928 2761 triangula

228 2753 301 2795 loga
314 2757 456 2805 perallela
469 2758 542 2795 sint,
572 2765 680 2789 caetera
701 2760 806 2791 omnia
824 2760 920 2792 latera
944 2761 1056 2791 similia
1099 2762 1128 2792 P
1141 2762 1170 2792 B
1189 2762 1225 2799 C,
1244 2763 1272 2792 P
1285 2763 1307 2792 b
1321 2771 1348 2799 c,
1371 2767 1402 2792 et
1415 2761 1509 2792 latera
1521 2762 1550 2792 B
1566 2761 1603 2799 C,
1614 2762 1636 2792 b
1650 2771 1676 2797 c,
1693 2761 1838 2800 parallela
1848 2767 1880 2793 et
1891 2762 1927 2796 in

230 2802 303 2827 sunt
315 2804 409 2829 etiam
422 2800 577 2838 parallelis,
599 2803 760 2832 ambarum
775 2802 948 2834 sectionum
969 2803 1054 2833 coni·
1097 2803 1168 2834 data
1192 2804 1308 2835 ratione
1336 2804 1365 2834 P
1388 2804 1428 2841 B,
1451 2803 1489 2834 ad
1507 2803 1535 2834 P
1555 2805 1586 2841 b,
1609 2813 1645 2834 ac
1673 2803 1802 2842 proinde
1825 2809 1927 2835 totum

231 2847 337 2868 carum
360 2841 474 2872 similes
488 2842 629 2874 diametri
644 2853 760 2882 omnes,
783 2843 923 2885 nde6que
938 2850 969 2875 et
983 2855 1055 2875 axes
1099 2845 1290 2886 polygonum
1304 2846 1334 2876 A
1364 2846 1392 2876 B
1421 2846 1447 2876 C
1478 2845 1578 2876 simile
1591 2845 1746 2886 polygono
1768 2856 1788 2877 a
1807 2846 1829 2877 b
1853 2855 1881 2884 c,
1896 2851 1929 2877 et

231 2880 366 2918 paralleli
380 2889 470 2914 erunt
484 2896 494 2922 ;
510 2890 619 2925 agatur
628 2895 712 2916 nunc
726 2892 939 2927 pei-punctum
950 2887 1057 2917 datum
1101 2897 1206 2917 eorum
1222 2887 1317 2918 latera
1338 2887 1503 2928 homologa
1525 2887 1669 2926 parallela
1690 2894 1788 2919 erunt.
1831 2887 1927 2920 Lato-

234 2921 274 2957 P,
290 2922 401 2970 cljorda
414 2927 529 2972 quaevis
541 2927 571 2957 G
583 2927 611 2957 P
623 2927 670 2964 H,
683 2929 809 2959 sectioni
825 2929 851 2959 P
863 2929 901 2959 M
914 2929 940 2960 C
952 2939 1058 2959 occur·
1099 2939 1170 2959 rum
1184 2930 1330 2971 polygoni
1348 2930 1378 2960 A
1396 2930 1424 2960 Β
1443 2930 1469 2960 C
1485 2939 1633 2960 numerus
1655 2936 1806 2970 augeatur
1830 2929 1864 2960 in
1877 2929 1926 2960 in-

232 2971 303 2992 renss
312 2973 343 2992 ¹¹¹
355 2965 399 3001 K,
411 2966 552 2999 dicoesse
566 2969 638 2999 KH
647 2975 697 2999 εἰ
707 2971 787 3002 KG.
818 2971 1059 3012 Namjungntur
1099 2971 1223 3002 finitum
1238 2978 1269 3002 et
1292 2972 1429 3010 ipsorum
1443 2971 1606 3013 longitudo
1630 2972 1664 3002 in
1686 2971 1844 3003 infinitum
1866 2972 1926 3003 mi-

238 3003 264 3034 C
278 3004 321 3041 K·
334 3012 364 3054 e}
374 3007 558 3044 producatur
567 3010 665 3042 donec
676 3013 857 3053 trajectoriae
868 3012 899 3043 A
913 3013 947 3043 H
963 3013 995 3043 D
1007 3023 1058 3043 oc·
1100 3019 1214 3044 nuatur
1227 3019 1257 3044 et
1268 3013 1331 3044 duo
1342 3013 1396 3054 pol
1415 3024 1498 3054 gons
1515 3014 1545 3044 A
1562 3014 1591 3045 B
1610 3014 1647 3051 C,
1663 3014 1710 3044 ab
1721 3023 1738 3044 c
1759 3014 1928 3045 mutabun-

236 3053 340 3076 currat
351 3057 383 3077 m
395 3048 437 3083 N,
455 3055 485 3079 et
499 3061 552 3089 per
561 3059 701 3084 centrum
716 3056 737 3085 S
748 3055 926 3096 trajectorioe
938 3055 966 3086 P
978 3055 1010 3085 K
1020 3055 1056 3092 C,
1099 3061 1152 3086 tur
1165 3055 1198 3085 in
1208 3066 1315 3086 curvas
1329 3024 1444 3088 simile·
1467 3055 1500 3086 in
1523 3055 1635 3097 quibus
1648 3056 1744 3088 latera
1762 3055 1928 3098 homolog-

236 3093 345 3129 ngatur
357 3089 379 3120 S
393 3090 430 3121 M
441 3092 585 3131 paraueia
596 3095 621 3126 C
636 3095 679 3133 K,
690 3096 811 3127 chordae
824 3097 889 3128 PK
898 3106 1059 3128 occurrens
1100 3102 1172 3129 sunt
1187 3097 1348 3140 parallelo-7
1474 3096 1476 3099 ’
