<?xml version="1.0" encoding="UTF-8"?>
<!DOCTYPE html PUBLIC "-//W3C//DTD XHTML 1.0 Transitional//EN"
    "http://www.w3.org/TR/xhtml1/DTD/xhtml1-transitional.dtd">
<html xmlns="http://www.w3.org/1999/xhtml" xml:lang="en" lang="en">
 <head>
  <title>
</title>
<meta http-equiv="Content-Type" content="text/html;charset=utf-8" />
  <meta name='ocr-system' content='tesseract 3.04.00' />
  <meta name='ocr-capabilities' content='ocr_page ocr_carea ocr_par ocr_line ocrx_word'/>
</head>
<body>
  <div class='ocr_page' id='page_1' title='image "./philosophiaenatu01newtuoft_0354.png"; bbox 0 0 2086 3542; ppageno 0'>
   <div class='ocr_carea' id='block_1_1' title="bbox 1488 105 1508 126">
    <p class='ocr_par' dir='ltr' id='par_1_1' title="bbox 1488 105 1508 126">
     <span class='ocr_line' id='line_1_1' title="bbox 1488 105 1508 126; baseline 0 0"><span class='ocrx_word' id='word_1_1' title='bbox 1488 105 1508 126; x_wconf 55' lang='lat' dir='ltr'>S</span> 
     </span>
    </p>
   </div>
   <div class='ocr_carea' id='block_1_2' title="bbox 272 222 1968 277">
    <p class='ocr_par' dir='ltr' id='par_1_2' title="bbox 272 222 1968 277">
     <span class='ocr_line' id='line_1_2' title="bbox 272 222 1968 277; baseline -0.004 -1"><span class='ocrx_word' id='word_1_2' title='bbox 272 237 352 277; x_wconf 83' lang='grc'>318</span> <span class='ocrx_word' id='word_1_3' title='bbox 658 227 1117 274; x_wconf 74' lang='lat' dir='ltr'>PHILOSOPHIAE-</span> <span class='ocrx_word' id='word_1_4' title='bbox 1137 222 1501 270; x_wconf 60' lang='lat' dir='ltr'>Hieromus</span> <span class='ocrx_word' id='word_1_5' title='bbox 1594 225 1743 275; x_wconf 80' lang='lat' dir='ltr'>[Mor.</span> <span class='ocrx_word' id='word_1_6' title='bbox 1768 228 1968 270; x_wconf 54' lang='lat' dir='ltr'>Coum</span> 
     </span>
    </p>
   </div>
   <div class='ocr_carea' id='block_1_3' title="bbox 264 340 1968 1173">
    <p class='ocr_par' dir='ltr' id='par_1_3' title="bbox 264 340 1968 1173">
     <span class='ocr_line' id='line_1_3' title="bbox 270 340 1964 399; baseline -0.005 -9"><span class='ocrx_word' id='word_1_7' title='bbox 270 356 340 390; x_wconf 88' lang='lat' dir='ltr'>tur</span> <span class='ocrx_word' id='word_1_8' title='bbox 359 347 616 390; x_wconf 81' lang='lat' dir='ltr'>uniformiter</span> <span class='ocrx_word' id='word_1_9' title='bbox 634 347 680 388; x_wconf 86' lang='lat' dir='ltr'>in</span> <span class='ocrx_word' id='word_1_10' title='bbox 698 346 916 396; x_wconf 66' lang='lat' dir='ltr'>(fluentum,</span> <span class='ocrx_word' id='word_1_11' title='bbox 933 356 1014 386; x_wconf 52' lang='lat' dir='ltr'>nec&gt;</span> <span class='ocrx_word' id='word_1_12' title='bbox 1039 358 1125 385; x_wconf 87' lang='lat' dir='ltr'>non</span> <span class='ocrx_word' id='word_1_13' title='bbox 1154 357 1373 398; x_wconf 84' lang='lat' dir='ltr'>corporum</span> <span class='ocrx_word' id='word_1_14' title='bbox 1404 350 1553 399; x_wconf 24' lang='lat' dir='ltr'>motus*</span> <span class='ocrx_word' id='word_1_15' title='bbox 1571 340 1751 382; x_wconf 73' lang='lat' dir='ltr'>initiales</span> <span class='ocrx_word' id='word_1_16' title='bbox 1777 342 1964 396; x_wconf 81' lang='lat' dir='ltr'>respectu</span> 
     </span>
     <span class='ocr_line' id='line_1_4' title="bbox 268 410 1963 474; baseline -0.005 -16"><span class='ocrx_word' id='word_1_17' title='bbox 268 417 395 474; x_wconf 83' lang='lat' dir='ltr'>hujus</span> <span class='ocrx_word' id='word_1_18' title='bbox 411 418 547 474; x_wconf 68' lang='lat' dir='ltr'>spatii.</span> <span class='ocrx_word' id='word_1_19' title='bbox 596 416 742 460; x_wconf 62' lang='lat' dir='ltr'>Mus</span> <span class='ocrx_word' id='word_1_20' title='bbox 759 423 895 458; x_wconf 70' lang='lat' dir='ltr'>autem</span> <span class='ocrx_word' id='word_1_21' title='bbox 915 415 1208 470; x_wconf 84' lang='lat' dir='ltr'>subsequentes</span> <span class='ocrx_word' id='word_1_22' title='bbox 1230 417 1321 468; x_wconf 89' lang='lat' dir='ltr'>(per</span> <span class='ocrx_word' id='word_1_23' title='bbox 1331 412 1471 469; x_wconf 89' lang='lat' dir='ltr'>legum</span> <span class='ocrx_word' id='word_1_24' title='bbox 1484 410 1746 452; x_wconf 79' lang='lat' dir='ltr'>corollarium</span> <span class='ocrx_word' id='word_1_25' title='bbox 1762 411 1963 465; x_wconf 86' lang='lat' dir='ltr'>quintum,</span> 
     </span>
     <span class='ocr_line' id='line_1_5' title="bbox 269 479 1965 541; baseline -0.006 -11"><span class='ocrx_word' id='word_1_26' title='bbox 269 497 316 529; x_wconf 72' lang='lat' dir='ltr'>et</span> <span class='ocrx_word' id='word_1_27' title='bbox 330 487 544 530; x_wconf 71' lang='lat' dir='ltr'>theorema</span> <span class='ocrx_word' id='word_1_28' title='bbox 558 486 839 538; x_wconf 64' lang='lat' dir='ltr'>nouissimum)</span> <span class='ocrx_word' id='word_1_29' title='bbox 860 485 1032 541; x_wconf 86' lang='lat' dir='ltr'>perinde</span> <span class='ocrx_word' id='word_1_30' title='bbox 1053 484 1159 525; x_wconf 85' lang='lat' dir='ltr'>fiunt</span> <span class='ocrx_word' id='word_1_31' title='bbox 1176 483 1220 523; x_wconf 89' lang='lat' dir='ltr'>in</span> <span class='ocrx_word' id='word_1_32' title='bbox 1238 482 1319 523; x_wconf 92' lang='lat' dir='ltr'>hoc</span> <span class='ocrx_word' id='word_1_33' title='bbox 1339 481 1484 537; x_wconf 86' lang='lat' dir='ltr'>spatio,</span> <span class='ocrx_word' id='word_1_34' title='bbox 1508 495 1556 521; x_wconf 82' lang='lat' dir='ltr'>ac</span> <span class='ocrx_word' id='word_1_35' title='bbox 1576 481 1612 521; x_wconf 74' lang='lat' dir='ltr'>si</span> <span class='ocrx_word' id='word_1_36' title='bbox 1631 480 1807 535; x_wconf 84' lang='lat' dir='ltr'>spatium</span> <span class='ocrx_word' id='word_1_37' title='bbox 1828 479 1965 535; x_wconf 78' lang='lat' dir='ltr'>ipsun</span> 
     </span>
     <span class='ocr_line' id='line_1_6' title="bbox 270 544 1967 614; baseline -0.005 -13"><span class='ocrx_word' id='word_1_38' title='bbox 270 558 357 600; x_wconf 60' lang='lat' dir='ltr'>un&amp;</span> <span class='ocrx_word' id='word_1_39' title='bbox 373 544 469 601; x_wconf 76' lang='lat' dir='ltr'>cum</span> <span class='ocrx_word' id='word_1_40' title='bbox 487 559 694 601; x_wconf 86' lang='lat' dir='ltr'>communi</span> <span class='ocrx_word' id='word_1_41' title='bbox 713 559 785 599; x_wconf 94' lang='lat' dir='ltr'>illo</span> <span class='ocrx_word' id='word_1_42' title='bbox 804 557 1013 614; x_wconf 84' lang='lat' dir='ltr'>gravitatis</span> <span class='ocrx_word' id='word_1_43' title='bbox 1032 563 1176 597; x_wconf 86' lang='lat' dir='ltr'>centro</span> <span class='ocrx_word' id='word_1_44' title='bbox 1194 555 1437 610; x_wconf 83' lang='lat' dir='ltr'>quiesceret,</span> <span class='ocrx_word' id='word_1_45' title='bbox 1465 561 1510 595; x_wconf 81' lang='lat' dir='ltr'>et</span> <span class='ocrx_word' id='word_1_46' title='bbox 1535 566 1708 608; x_wconf 84' lang='lat' dir='ltr'>corpora</span> <span class='ocrx_word' id='word_1_47' title='bbox 1726 567 1811 593; x_wconf 91' lang='lat' dir='ltr'>non</span> <span class='ocrx_word' id='word_1_48' title='bbox 1831 551 1967 593; x_wconf 81' lang='lat' dir='ltr'>trahe-</span> 
     </span>
     <span class='ocr_line' id='line_1_7' title="bbox 269 620 1966 682; baseline -0.006 -10"><span class='ocrx_word' id='word_1_49' title='bbox 269 636 363 671; x_wconf 69' lang='lat' dir='ltr'>rent</span> <span class='ocrx_word' id='word_1_50' title='bbox 383 644 427 671; x_wconf 86' lang='lat' dir='ltr'>se</span> <span class='ocrx_word' id='word_1_51' title='bbox 445 637 602 680; x_wconf 89' lang='lat' dir='ltr'>mutuo,</span> <span class='ocrx_word' id='word_1_52' title='bbox 624 629 698 670; x_wconf 87' lang='lat' dir='ltr'>sed</span> <span class='ocrx_word' id='word_1_53' title='bbox 717 644 743 669; x_wconf 88' lang='lat' dir='ltr'>a</span> <span class='ocrx_word' id='word_1_54' title='bbox 759 642 934 682; x_wconf 88' lang='lat' dir='ltr'>corpore</span> <span class='ocrx_word' id='word_1_55' title='bbox 953 627 1074 668; x_wconf 88' lang='lat' dir='ltr'>tertio</span> <span class='ocrx_word' id='word_1_56' title='bbox 1095 626 1174 667; x_wconf 90' lang='lat' dir='ltr'>sito</span> <span class='ocrx_word' id='word_1_57' title='bbox 1193 626 1237 665; x_wconf 90' lang='lat' dir='ltr'>in</span> <span class='ocrx_word' id='word_1_58' title='bbox 1255 632 1406 665; x_wconf 65' lang='lat' dir='ltr'>ceum</span> <span class='ocrx_word' id='word_1_59' title='bbox 1426 620 1500 664; x_wconf 69' lang='lat' dir='ltr'>iilo</span> <span class='ocrx_word' id='word_1_60' title='bbox 1527 623 1799 666; x_wconf 77' lang='lat' dir='ltr'>traherentur.</span> <span class='ocrx_word' id='word_1_61' title='bbox 1862 622 1966 663; x_wconf 83' lang='lat' dir='ltr'>Cor-</span> 
     </span>
     <span class='ocr_line' id='line_1_8' title="bbox 266 687 1967 759; baseline -0.006 -16"><span class='ocrx_word' id='word_1_62' title='bbox 266 703 380 758; x_wconf 87' lang='lat' dir='ltr'>poris</span> <span class='ocrx_word' id='word_1_63' title='bbox 399 702 525 759; x_wconf 86' lang='lat' dir='ltr'>igitur</span> <span class='ocrx_word' id='word_1_64' title='bbox 544 700 776 742; x_wconf 84' lang='lat' dir='ltr'>alterutrius</span> <span class='ocrx_word' id='word_1_65' title='bbox 796 699 840 739; x_wconf 90' lang='lat' dir='ltr'>in</span> <span class='ocrx_word' id='word_1_66' title='bbox 859 698 939 739; x_wconf 91' lang='lat' dir='ltr'>hoc</span> <span class='ocrx_word' id='word_1_67' title='bbox 959 687 1093 752; x_wconf 75' lang='lat' dir='ltr'>spatio</span> <span class='ocrx_word' id='word_1_68' title='bbox 1110 694 1270 745; x_wconf 69' lang='lat' dir='ltr'>mobiii,</span> <span class='ocrx_word' id='word_1_69' title='bbox 1288 691 1340 735; x_wconf 80' lang='lat' dir='ltr'>de</span> <span class='ocrx_word' id='word_1_70' title='bbox 1358 692 1453 735; x_wconf 87' lang='lat' dir='ltr'>Ioco</span> <span class='ocrx_word' id='word_1_71' title='bbox 1471 693 1568 734; x_wconf 85' lang='lat' dir='ltr'>dato</span> <span class='ocrx_word' id='word_1_72' title='bbox 1588 693 1813 735; x_wconf 90' lang='lat' dir='ltr'>secundum</span> <span class='ocrx_word' id='word_1_73' title='bbox 1829 692 1967 734; x_wconf 83' lang='lat' dir='ltr'>datam</span> 
     </span>
     <span class='ocr_line' id='line_1_9' title="bbox 269 762 1964 822; baseline -0.006 -8"><span class='ocrx_word' id='word_1_74' title='bbox 269 779 437 822; x_wconf 84' lang='lat' dir='ltr'>rectam,</span> <span class='ocrx_word' id='word_1_75' title='bbox 460 772 554 813; x_wconf 63' lang='lat' dir='ltr'>data</span> <span class='ocrx_word' id='word_1_76' title='bbox 575 785 668 812; x_wconf 92' lang='lat' dir='ltr'>cum</span> <span class='ocrx_word' id='word_1_77' title='bbox 688 769 904 811; x_wconf 76' lang='lat' dir='ltr'>velocitate</span> <span class='ocrx_word' id='word_1_78' title='bbox 922 765 1127 816; x_wconf 72' lang='lat' dir='ltr'>exeuntis,</span> <span class='ocrx_word' id='word_1_79' title='bbox 1156 771 1199 806; x_wconf 77' lang='lat' dir='ltr'>et</span> <span class='ocrx_word' id='word_1_80' title='bbox 1227 764 1268 805; x_wconf 87' lang='lat' dir='ltr'>vi</span> <span class='ocrx_word' id='word_1_81' title='bbox 1298 763 1523 818; x_wconf 69' lang='lat' dir='ltr'>centripetfi</span> <span class='ocrx_word' id='word_1_82' title='bbox 1557 763 1611 804; x_wconf 81' lang='lat' dir='ltr'>ad</span> <span class='ocrx_word' id='word_1_83' title='bbox 1644 771 1831 804; x_wconf 84' lang='lat' dir='ltr'>centrum</span> <span class='ocrx_word' id='word_1_84' title='bbox 1863 762 1964 804; x_wconf 92' lang='lat' dir='ltr'>illud</span> 
     </span>
     <span class='ocr_line' id='line_1_10' title="bbox 266 833 1967 895; baseline -0.005 -11"><span class='ocrx_word' id='word_1_85' title='bbox 266 842 461 884; x_wconf 85' lang='lat' dir='ltr'>tendente</span> <span class='ocrx_word' id='word_1_86' title='bbox 481 840 678 895; x_wconf 82' lang='lat' dir='ltr'>correpti,</span> <span class='ocrx_word' id='word_1_87' title='bbox 704 838 754 895; x_wconf 62' lang='lat'>(⁸)</span> <span class='ocrx_word' id='word_1_88' title='bbox 785 835 1119 885; x_wconf 74' lang='lat' dir='ltr'>determinandus</span> <span class='ocrx_word' id='word_1_89' title='bbox 1140 844 1200 877; x_wconf 89' lang='lat' dir='ltr'>est</span> <span class='ocrx_word' id='word_1_90' title='bbox 1229 843 1364 876; x_wconf 88' lang='lat' dir='ltr'>motus</span> <span class='ocrx_word' id='word_1_91' title='bbox 1394 849 1469 889; x_wconf 89' lang='lat' dir='ltr'>per</span> <span class='ocrx_word' id='word_1_92' title='bbox 1499 833 1711 889; x_wconf 88' lang='lat' dir='ltr'>problema</span> <span class='ocrx_word' id='word_1_93' title='bbox 1740 849 1911 884; x_wconf 77' lang='lat' dir='ltr'>nonum,</span> <span class='ocrx_word' id='word_1_94' title='bbox 1927 842 1967 876; x_wconf 90' lang='lat' dir='ltr'>et</span> 
     </span>
     <span class='ocr_line' id='line_1_11' title="bbox 264 895 1967 964; baseline -0.006 -10"><span class='ocrx_word' id='word_1_95' title='bbox 264 913 505 954; x_wconf 85' lang='lat' dir='ltr'>vicesimum</span> <span class='ocrx_word' id='word_1_96' title='bbox 524 919 708 952; x_wconf 79' lang='lat' dir='ltr'>sextum:</span> <span class='ocrx_word' id='word_1_97' title='bbox 740 917 783 950; x_wconf 83' lang='lat' dir='ltr'>et</span> <span class='ocrx_word' id='word_1_98' title='bbox 812 907 859 964; x_wconf 78' lang='lat'>(²)</span> <span class='ocrx_word' id='word_1_99' title='bbox 888 906 1107 950; x_wconf 78' lang='lat' dir='ltr'>habebitur</span> <span class='ocrx_word' id='word_1_100' title='bbox 1127 906 1249 948; x_wconf 89' lang='lat' dir='ltr'>simul</span> <span class='ocrx_word' id='word_1_101' title='bbox 1269 914 1405 946; x_wconf 90' lang='lat' dir='ltr'>motus</span> <span class='ocrx_word' id='word_1_102' title='bbox 1424 904 1608 958; x_wconf 83' lang='lat' dir='ltr'>corporis</span> <span class='ocrx_word' id='word_1_103' title='bbox 1628 904 1793 945; x_wconf 86' lang='lat' dir='ltr'>alterius</span> <span class='ocrx_word' id='word_1_104' title='bbox 1813 895 1967 945; x_wconf 83' lang='lat' dir='ltr'>circum</span> 
     </span>
     <span class='ocr_line' id='line_1_12' title="bbox 266 974 1968 1038; baseline -0.007 -12"><span class='ocrx_word' id='word_1_105' title='bbox 266 984 381 1026; x_wconf 80' lang='lat' dir='ltr'>idem</span> <span class='ocrx_word' id='word_1_106' title='bbox 401 992 606 1025; x_wconf 77' lang='lat' dir='ltr'>centrum.</span> <span class='ocrx_word' id='word_1_107' title='bbox 634 981 699 1038; x_wconf 78' lang='lat'><strong>(¹¹¹)</strong></span> <span class='ocrx_word' id='word_1_108' title='bbox 730 979 835 1023; x_wconf 84' lang='lat' dir='ltr'>Cum</span> <span class='ocrx_word' id='word_1_109' title='bbox 857 979 938 1021; x_wconf 89' lang='lat' dir='ltr'>hoc</span> <span class='ocrx_word' id='word_1_110' title='bbox 956 987 1071 1021; x_wconf 90' lang='lat' dir='ltr'>motu</span> <span class='ocrx_word' id='word_1_111' title='bbox 1091 976 1399 1032; x_wconf 85' lang='lat' dir='ltr'>componendus</span> <span class='ocrx_word' id='word_1_112' title='bbox 1420 984 1480 1017; x_wconf 86' lang='lat' dir='ltr'>est</span> <span class='ocrx_word' id='word_1_113' title='bbox 1504 974 1717 1016; x_wconf 84' lang='lat' dir='ltr'>uniformis</span> <span class='ocrx_word' id='word_1_114' title='bbox 1745 974 1813 1016; x_wconf 91' lang='lat' dir='ltr'>ille</span> <span class='ocrx_word' id='word_1_115' title='bbox 1844 981 1968 1029; x_wconf 80' lang='lat' dir='ltr'>syste-</span> 
     </span>
     <span class='ocr_line' id='line_1_13' title="bbox 268 1045 1968 1107; baseline -0.006 -12"><span class='ocrx_word' id='word_1_116' title='bbox 268 1055 393 1096; x_wconf 72' lang='lat' dir='ltr'>matis</span> <span class='ocrx_word' id='word_1_117' title='bbox 429 1052 550 1107; x_wconf 77' lang='lat' dir='ltr'>spatii·</span> <span class='ocrx_word' id='word_1_118' title='bbox 587 1060 628 1093; x_wconf 85' lang='lat' dir='ltr'>et</span> <span class='ocrx_word' id='word_1_119' title='bbox 667 1065 887 1105; x_wconf 84' lang='lat' dir='ltr'>corporum</span> <span class='ocrx_word' id='word_1_120' title='bbox 925 1051 969 1091; x_wconf 91' lang='lat' dir='ltr'>in</span> <span class='ocrx_word' id='word_1_121' title='bbox 1005 1064 1055 1091; x_wconf 86' lang='lat' dir='ltr'>eo</span> <span class='ocrx_word' id='word_1_122' title='bbox 1089 1048 1321 1104; x_wconf 86' lang='lat' dir='ltr'>gyrantium</span> <span class='ocrx_word' id='word_1_123' title='bbox 1357 1053 1492 1086; x_wconf 90' lang='lat' dir='ltr'>motus</span> <span class='ocrx_word' id='word_1_124' title='bbox 1530 1045 1811 1101; x_wconf 84' lang='lat' dir='ltr'>progressivus</span> <span class='ocrx_word' id='word_1_125' title='bbox 1845 1058 1968 1098; x_wconf 74' lang='lat' dir='ltr'>supra</span> 
     </span>
     <span class='ocr_line' id='line_1_14' title="bbox 267 1113 1965 1173; baseline -0.005 -8"><span class='ocrx_word' id='word_1_126' title='bbox 267 1125 469 1173; x_wconf 76' lang='lat' dir='ltr'>inventus,</span> <span class='ocrx_word' id='word_1_127' title='bbox 506 1130 548 1163; x_wconf 86' lang='lat' dir='ltr'>et</span> <span class='ocrx_word' id='word_1_128' title='bbox 577 1121 795 1163; x_wconf 82' lang='lat' dir='ltr'>habebitur</span> <span class='ocrx_word' id='word_1_129' title='bbox 828 1128 963 1161; x_wconf 88' lang='lat' dir='ltr'>motus</span> <span class='ocrx_word' id='word_1_130' title='bbox 997 1118 1207 1161; x_wconf 82' lang='lat' dir='ltr'>absolutus</span> <span class='ocrx_word' id='word_1_131' title='bbox 1242 1130 1464 1172; x_wconf 86' lang='lat' dir='ltr'>corporum</span> <span class='ocrx_word' id='word_1_132' title='bbox 1502 1115 1546 1156; x_wconf 90' lang='lat' dir='ltr'>in</span> <span class='ocrx_word' id='word_1_133' title='bbox 1585 1115 1718 1169; x_wconf 87' lang='lat' dir='ltr'>spatio</span> <span class='ocrx_word' id='word_1_134' title='bbox 1749 1113 1965 1156; x_wconf 89' lang='lat' dir='ltr'>immobili.</span> 
     </span>
    </p>
   </div>
   <div class='ocr_carea' id='block_1_4' title="bbox 271 1193 431 1244">
    <p class='ocr_par' dir='ltr' id='par_1_4' title="bbox 271 1193 431 1244">
     <span class='ocr_line' id='line_1_15' title="bbox 271 1193 431 1244; baseline -0.013 -9"><span class='ocrx_word' id='word_1_135' title='bbox 271 1194 327 1244; x_wconf 87' lang='lat' dir='ltr'>Q.</span> <span class='ocrx_word' id='word_1_136' title='bbox 349 1209 384 1235; x_wconf 90' lang='lat' dir='ltr'>e.</span> <span class='ocrx_word' id='word_1_137' title='bbox 405 1193 431 1234; x_wconf 91' lang='lat' dir='ltr'>i.</span> 
     </span>
    </p>
   </div>
   <div class='ocr_carea' id='block_1_5' title="bbox 265 1337 1968 2525">
    <p class='ocr_par' dir='ltr' id='par_1_5' title="bbox 266 1337 1968 1558">
     <span class='ocr_line' id='line_1_16' title="bbox 286 1337 1966 1393; baseline -0.009 -10"><span class='ocrx_word' id='word_1_138' title='bbox 286 1349 290 1352; x_wconf 76' lang='grc'><strong>”</strong></span> <span class='ocrx_word' id='word_1_139' title='bbox 311 1350 358 1393; x_wconf 69' lang='lat'>(¹²)</span> <span class='ocrx_word' id='word_1_140' title='bbox 383 1352 400 1371; x_wconf 65' lang='lat'><em>*</em></span> <span class='ocrx_word' id='word_1_141' title='bbox 423 1351 684 1382; x_wconf 76' lang='lat' dir='ltr'>Determinandus</span> <span class='ocrx_word' id='word_1_142' title='bbox 698 1356 739 1381; x_wconf 74' lang='lat' dir='ltr'>est</span> <span class='ocrx_word' id='word_1_143' title='bbox 756 1355 853 1381; x_wconf 79' lang='lat' dir='ltr'>motus</span> <span class='ocrx_word' id='word_1_144' title='bbox 869 1360 926 1390; x_wconf 78' lang='lat' dir='ltr'>per</span> <span class='ocrx_word' id='word_1_145' title='bbox 942 1349 1043 1381; x_wconf 85' lang='lat' dir='ltr'>Probl.</span> <span class='ocrx_word' id='word_1_146' title='bbox 1063 1352 1092 1380; x_wconf 83' lang='lat'>9.</span> <span class='ocrx_word' id='word_1_147' title='bbox 1137 1346 1196 1378; x_wconf 77' lang='lat' dir='ltr'>erit</span> <span class='ocrx_word' id='word_1_148' title='bbox 1209 1344 1379 1387; x_wconf 74' lang='lat' dir='ltr'>trajectoria</span> <span class='ocrx_word' id='word_1_149' title='bbox 1402 1352 1495 1384; x_wconf 89' lang='lat' dir='ltr'>quam</span> <span class='ocrx_word' id='word_1_150' title='bbox 1520 1351 1632 1382; x_wconf 86' lang='lat' dir='ltr'>corpus</span> <span class='ocrx_word' id='word_1_151' title='bbox 1662 1340 1690 1371; x_wconf 91' lang='lat' dir='ltr'>P</span> <span class='ocrx_word' id='word_1_152' title='bbox 1711 1345 1799 1370; x_wconf 84' lang='lat' dir='ltr'>motu</span> <span class='ocrx_word' id='word_1_153' title='bbox 1826 1337 1966 1369; x_wconf 79' lang='lat' dir='ltr'>absoluto</span> 
     </span>
     <span class='ocr_line' id='line_1_17' title="bbox 266 1380 1964 1433; baseline -0.008 -9"><span class='ocrx_word' id='word_1_154' title='bbox 266 1393 292 1423; x_wconf 78' lang='lat' dir='ltr'>si</span> <span class='ocrx_word' id='word_1_155' title='bbox 322 1402 448 1432; x_wconf 76' lang='lat' dir='ltr'>corpora</span> <span class='ocrx_word' id='word_1_156' title='bbox 474 1393 673 1433; x_wconf 79' lang='lat' dir='ltr'>projiciantur</span> <span class='ocrx_word' id='word_1_157' title='bbox 701 1391 872 1423; x_wconf 71' lang='lat' dir='ltr'>secundum</span> <span class='ocrx_word' id='word_1_158' title='bbox 895 1391 1097 1422; x_wconf 75' lang='lat' dir='ltr'>directionem</span> <span class='ocrx_word' id='word_1_159' title='bbox 1138 1389 1301 1425; x_wconf 82' lang='lat' dir='ltr'>describit;</span> <span class='ocrx_word' id='word_1_160' title='bbox 1326 1390 1376 1425; x_wconf 86' lang='lat' dir='ltr'>(ut</span> <span class='ocrx_word' id='word_1_161' title='bbox 1398 1392 1482 1426; x_wconf 85' lang='lat' dir='ltr'>patet</span> <span class='ocrx_word' id='word_1_162' title='bbox 1505 1395 1543 1415; x_wconf 84' lang='lat' dir='ltr'>ex</span> <span class='ocrx_word' id='word_1_163' title='bbox 1573 1385 1663 1423; x_wconf 82' lang='lat' dir='ltr'>Prop.</span> <span class='ocrx_word' id='word_1_164' title='bbox 1682 1386 1731 1414; x_wconf 78' lang='lat'>31.</span> <span class='ocrx_word' id='word_1_165' title='bbox 1751 1389 1782 1412; x_wconf 81' lang='lat' dir='ltr'>et</span> <span class='ocrx_word' id='word_1_166' title='bbox 1796 1387 1860 1412; x_wconf 80' lang='lat' dir='ltr'>not.</span> <span class='ocrx_word' id='word_1_167' title='bbox 1875 1380 1964 1429; x_wconf 54' lang='grc'><strong>86]).</strong></span> 
     </span>
     <span class='ocr_line' id='line_1_18' title="bbox 267 1428 1968 1474; baseline -0.008 -10"><span class='ocrx_word' id='word_1_168' title='bbox 267 1445 337 1474; x_wconf 88' lang='lat' dir='ltr'>quae</span> <span class='ocrx_word' id='word_1_169' title='bbox 352 1445 424 1465; x_wconf 87' lang='lat' dir='ltr'>cum</span> <span class='ocrx_word' id='word_1_170' title='bbox 439 1445 545 1466; x_wconf 86' lang='lat' dir='ltr'>eorum</span> <span class='ocrx_word' id='word_1_171' title='bbox 561 1430 705 1465; x_wconf 55' lang='lat' dir='ltr'>distantia</span> <span class='ocrx_word' id='word_1_172' title='bbox 729 1445 792 1465; x_wconf 92' lang='lat' dir='ltr'>non</span> <span class='ocrx_word' id='word_1_173' title='bbox 814 1433 974 1468; x_wconf 54' lang='lat' dir='ltr'>coincidan</span> <span class='ocrx_word' id='word_1_174' title='bbox 999 1439 1030 1463; x_wconf 89' lang='lat' dir='ltr'>et</span> <span class='ocrx_word' id='word_1_175' title='bbox 1043 1443 1098 1472; x_wconf 86' lang='lat' dir='ltr'>per</span> <span class='ocrx_word' id='word_1_176' title='bbox 1142 1431 1217 1462; x_wconf 68' lang='grc' dir='ltr'>Ηὲιο</span> <span class='ocrx_word' id='word_1_177' title='bbox 1233 1430 1316 1460; x_wconf 83' lang='lat' dir='ltr'>enim</span> <span class='ocrx_word' id='word_1_178' title='bbox 1330 1429 1448 1459; x_wconf 86' lang='lat' dir='ltr'>ratione</span> <span class='ocrx_word' id='word_1_179' title='bbox 1463 1434 1601 1458; x_wconf 86' lang='lat' dir='ltr'>centrum</span> <span class='ocrx_word' id='word_1_180' title='bbox 1620 1428 1644 1455; x_wconf 74' lang='lat' dir='ltr'>(J</span> <span class='ocrx_word' id='word_1_181' title='bbox 1660 1429 1816 1464; x_wconf 81' lang='lat' dir='ltr'>percurret</span> <span class='ocrx_word' id='word_1_182' title='bbox 1836 1429 1968 1462; x_wconf 73' lang='lat' dir='ltr'>spatium</span> 
     </span>
     <span class='ocr_line' id='line_1_19' title="bbox 271 1475 1101 1517; baseline -0.002 -10"><span class='ocrx_word' id='word_1_183' title='bbox 271 1476 376 1507; x_wconf 77' lang='lat' dir='ltr'>Probi.</span> <span class='ocrx_word' id='word_1_184' title='bbox 397 1480 447 1508; x_wconf 76' lang='lat'>26.</span> <span class='ocrx_word' id='word_1_185' title='bbox 473 1477 498 1507; x_wconf 86' lang='lat' dir='ltr'>si</span> <span class='ocrx_word' id='word_1_186' title='bbox 513 1476 665 1508; x_wconf 85' lang='lat' dir='ltr'>coincidat</span> <span class='ocrx_word' id='word_1_187' title='bbox 679 1476 806 1507; x_wconf 86' lang='lat' dir='ltr'>directio</span> <span class='ocrx_word' id='word_1_188' title='bbox 819 1475 1014 1517; x_wconf 83' lang='lat' dir='ltr'>projectionis</span> <span class='ocrx_word' id='word_1_189' title='bbox 1028 1484 1101 1506; x_wconf 87' lang='lat' dir='ltr'>cum</span> 
     </span>
     <span class='ocr_line' id='line_1_20' title="bbox 268 1518 599 1558; baseline 0 -9"><span class='ocrx_word' id='word_1_190' title='bbox 268 1518 412 1549; x_wconf 63' lang='lat' dir='ltr'>distantia</span> <span class='ocrx_word' id='word_1_191' title='bbox 427 1529 599 1558; x_wconf 82' lang='lat' dir='ltr'>corporum.</span> 
     </span>
    </p>

    <p class='ocr_par' dir='ltr' id='par_1_6' title="bbox 267 1561 1104 1896">
     <span class='ocr_line' id='line_1_21' title="bbox 311 1561 1101 1602; baseline -0.003 -10"><span class='ocrx_word' id='word_1_192' title='bbox 311 1561 351 1602; x_wconf 86' lang='lat'>(¹)</span> <span class='ocrx_word' id='word_1_193' title='bbox 376 1564 393 1580; x_wconf 75' lang='grc'><strong>”</strong></span> <span class='ocrx_word' id='word_1_194' title='bbox 418 1563 461 1592; x_wconf 77' lang='lat' dir='ltr'>Et</span> <span class='ocrx_word' id='word_1_195' title='bbox 476 1563 632 1592; x_wconf 78' lang='lat' dir='ltr'>habebitur</span> <span class='ocrx_word' id='word_1_196' title='bbox 646 1562 736 1592; x_wconf 73' lang='lat' dir='ltr'>simul</span> <span class='ocrx_word' id='word_1_197' title='bbox 750 1567 850 1592; x_wconf 77' lang='lat' dir='ltr'>motus</span> <span class='ocrx_word' id='word_1_198' title='bbox 875 1562 1003 1600; x_wconf 82' lang='lat' dir='ltr'>corporis</span> <span class='ocrx_word' id='word_1_199' title='bbox 1027 1561 1101 1590; x_wconf 83' lang='lat' dir='ltr'>alte-</span> 
     </span>
     <span class='ocr_line' id='line_1_22' title="bbox 267 1602 1104 1644; baseline -0.005 -9"><span class='ocrx_word' id='word_1_200' title='bbox 267 1605 335 1635; x_wconf 75' lang='lat' dir='ltr'>rius</span> <span class='ocrx_word' id='word_1_201' title='bbox 349 1613 366 1633; x_wconf 89' lang='lat' dir='ltr'>e</span> <span class='ocrx_word' id='word_1_202' title='bbox 380 1604 514 1644; x_wconf 81' lang='lat' dir='ltr'>regione,</span> <span class='ocrx_word' id='word_1_203' title='bbox 531 1603 556 1633; x_wconf 92' lang='lat' dir='ltr'>si</span> <span class='ocrx_word' id='word_1_204' title='bbox 572 1613 608 1633; x_wconf 86' lang='lat' dir='ltr'>ex</span> <span class='ocrx_word' id='word_1_205' title='bbox 624 1613 750 1642; x_wconf 83' lang='lat' dir='ltr'>corpore</span> <span class='ocrx_word' id='word_1_206' title='bbox 765 1604 855 1644; x_wconf 87' lang='lat' dir='ltr'>cujus</span> <span class='ocrx_word' id='word_1_207' title='bbox 865 1602 1104 1633; x_wconf 84' lang='lat' dir='ltr'>locusinventus</span> 
     </span>
     <span class='ocr_line' id='line_1_23' title="bbox 268 1644 1101 1686; baseline -0.004 -11"><span class='ocrx_word' id='word_1_208' title='bbox 268 1652 322 1680; x_wconf 82' lang='lat' dir='ltr'>est,</span> <span class='ocrx_word' id='word_1_209' title='bbox 345 1656 400 1684; x_wconf 83' lang='lat' dir='ltr'>per</span> <span class='ocrx_word' id='word_1_210' title='bbox 424 1652 563 1676; x_wconf 84' lang='lat' dir='ltr'>centrum</span> <span class='ocrx_word' id='word_1_211' title='bbox 589 1645 743 1686; x_wconf 84' lang='lat' dir='ltr'>gravitatis</span> <span class='ocrx_word' id='word_1_212' title='bbox 768 1655 932 1675; x_wconf 87' lang='lat' dir='ltr'>commune</span> <span class='ocrx_word' id='word_1_213' title='bbox 957 1644 1101 1680; x_wconf 83' lang='lat' dir='ltr'>duorum,</span> 
     </span>
     <span class='ocr_line' id='line_1_24' title="bbox 267 1687 1103 1728; baseline -0.004 -10"><span class='ocrx_word' id='word_1_214' title='bbox 267 1693 378 1728; x_wconf 74' lang='lat' dir='ltr'>agatur</span> <span class='ocrx_word' id='word_1_215' title='bbox 390 1693 474 1718; x_wconf 78' lang='lat' dir='ltr'>recta</span> <span class='ocrx_word' id='word_1_216' title='bbox 486 1698 557 1728; x_wconf 87' lang='lat' dir='ltr'>quae</span> <span class='ocrx_word' id='word_1_217' title='bbox 571 1687 615 1718; x_wconf 56' lang='lat' dir='ltr'>it&amp;</span> <span class='ocrx_word' id='word_1_218' title='bbox 640 1687 860 1717; x_wconf 84' lang='lat' dir='ltr'>determinetur</span> <span class='ocrx_word' id='word_1_219' title='bbox 884 1692 921 1717; x_wconf 85' lang='lat' dir='ltr'>ut</span> <span class='ocrx_word' id='word_1_220' title='bbox 939 1687 978 1716; x_wconf 86' lang='lat' dir='ltr'>sit</span> <span class='ocrx_word' id='word_1_221' title='bbox 992 1696 1103 1724; x_wconf 84' lang='lat' dir='ltr'>corpus</span> 
     </span>
     <span class='ocr_line' id='line_1_25' title="bbox 268 1728 1103 1770; baseline -0.004 -10"><span class='ocrx_word' id='word_1_222' title='bbox 268 1730 357 1770; x_wconf 90' lang='lat' dir='ltr'>cujus</span> <span class='ocrx_word' id='word_1_223' title='bbox 372 1730 459 1761; x_wconf 87' lang='lat' dir='ltr'>locus</span> <span class='ocrx_word' id='word_1_224' title='bbox 473 1730 622 1770; x_wconf 84' lang='lat' dir='ltr'>quaeritur</span> <span class='ocrx_word' id='word_1_225' title='bbox 636 1729 675 1759; x_wconf 89' lang='lat' dir='ltr'>ad</span> <span class='ocrx_word' id='word_1_226' title='bbox 689 1739 800 1768; x_wconf 88' lang='lat' dir='ltr'>corpus</span> <span class='ocrx_word' id='word_1_227' title='bbox 814 1729 899 1759; x_wconf 87' lang='lat' dir='ltr'>aliud</span> <span class='ocrx_word' id='word_1_228' title='bbox 914 1736 949 1758; x_wconf 90' lang='lat' dir='ltr'>ut</span> <span class='ocrx_word' id='word_1_229' title='bbox 960 1728 1103 1758; x_wconf 76' lang='lat' dir='ltr'>distantia</span> 
     </span>
     <span class='ocr_line' id='line_1_26' title="bbox 268 1769 1102 1813; baseline -0.004 -11"><span class='ocrx_word' id='word_1_230' title='bbox 268 1773 338 1802; x_wconf 82' lang='lat' dir='ltr'>data</span> <span class='ocrx_word' id='word_1_231' title='bbox 352 1773 447 1813; x_wconf 84' lang='lat' dir='ltr'>hujus</span> <span class='ocrx_word' id='word_1_232' title='bbox 462 1783 481 1802; x_wconf 89' lang='lat' dir='ltr'>a</span> <span class='ocrx_word' id='word_1_233' title='bbox 494 1778 600 1802; x_wconf 85' lang='lat' dir='ltr'>centro</span> <span class='ocrx_word' id='word_1_234' title='bbox 615 1771 771 1811; x_wconf 82' lang='lat' dir='ltr'>gravitatis</span> <span class='ocrx_word' id='word_1_235' title='bbox 792 1770 950 1802; x_wconf 89' lang='lat' dir='ltr'>communi</span> <span class='ocrx_word' id='word_1_236' title='bbox 972 1769 1011 1800; x_wconf 88' lang='lat' dir='ltr'>ad</span> <span class='ocrx_word' id='word_1_237' title='bbox 1032 1779 1102 1799; x_wconf 83' lang='lat' dir='ltr'>enm</span> 
     </span>
     <span class='ocr_line' id='line_1_27' title="bbox 267 1812 1101 1854; baseline -0.002 -11"><span class='ocrx_word' id='word_1_238' title='bbox 267 1820 392 1851; x_wconf 79' lang='lat' dir='ltr'>rectam,</span> <span class='ocrx_word' id='word_1_239' title='bbox 410 1815 442 1844; x_wconf 87' lang='lat' dir='ltr'>in</span> <span class='ocrx_word' id='word_1_240' title='bbox 458 1819 595 1844; x_wconf 81' lang='lat' dir='ltr'>extremo</span> <span class='ocrx_word' id='word_1_241' title='bbox 609 1813 703 1854; x_wconf 87' lang='lat' dir='ltr'>hujus</span> <span class='ocrx_word' id='word_1_242' title='bbox 717 1820 808 1844; x_wconf 79' lang='lat' dir='ltr'>rectae</span> <span class='ocrx_word' id='word_1_243' title='bbox 823 1813 880 1843; x_wconf 86' lang='lat' dir='ltr'>erit</span> <span class='ocrx_word' id='word_1_244' title='bbox 894 1812 980 1843; x_wconf 88' lang='lat' dir='ltr'>locus</span> <span class='ocrx_word' id='word_1_245' title='bbox 995 1821 1101 1850; x_wconf 83' lang='lat' dir='ltr'>corpo·</span> 
     </span>
     <span class='ocr_line' id='line_1_28' title="bbox 267 1856 575 1896; baseline 0 -11"><span class='ocrx_word' id='word_1_246' title='bbox 267 1856 310 1885; x_wconf 84' lang='lat' dir='ltr'>ris</span> <span class='ocrx_word' id='word_1_247' title='bbox 324 1856 470 1895; x_wconf 86' lang='lat' dir='ltr'>quaesitus</span> <span class='ocrx_word' id='word_1_248' title='bbox 492 1856 575 1896; x_wconf 88' lang='lat'>(60).</span> 
     </span>
    </p>

    <p class='ocr_par' dir='ltr' id='par_1_7' title="bbox 265 1897 740 2525">
     <span class='ocr_line' id='line_1_29' title="bbox 311 1897 737 1939; baseline 0 -11"><span class='ocrx_word' id='word_1_249' title='bbox 311 1897 364 1939; x_wconf 80' lang='lat'>(¹¹²)</span> <span class='ocrx_word' id='word_1_250' title='bbox 387 1902 459 1929; x_wconf 78' lang='lat'>495.</span> <span class='ocrx_word' id='word_1_251' title='bbox 487 1900 565 1929; x_wconf 86' lang='lat' dir='ltr'>Cum</span> <span class='ocrx_word' id='word_1_252' title='bbox 578 1899 631 1928; x_wconf 78' lang='lat' dir='ltr'>hoc</span> <span class='ocrx_word' id='word_1_253' title='bbox 652 1903 737 1928; x_wconf 83' lang='lat' dir='ltr'>motu</span> 
     </span>
     <span class='ocr_line' id='line_1_30' title="bbox 268 1939 737 1979; baseline -0.006 -8"><span class='ocrx_word' id='word_1_254' title='bbox 268 1942 489 1979; x_wconf 81' lang='lat' dir='ltr'>componendus</span> <span class='ocrx_word' id='word_1_255' title='bbox 513 1944 566 1975; x_wconf 82' lang='lat' dir='ltr'>est,</span> <span class='ocrx_word' id='word_1_256' title='bbox 592 1939 648 1969; x_wconf 78' lang='grc' dir='ltr'>διε.</span> <span class='ocrx_word' id='word_1_257' title='bbox 697 1939 737 1969; x_wconf 84' lang='lat' dir='ltr'>ln</span> 
     </span>
     <span class='ocr_line' id='line_1_31' title="bbox 267 1980 738 2022; baseline -0.002 -11"><span class='ocrx_word' id='word_1_258' title='bbox 267 1982 427 2021; x_wconf 86' lang='lat' dir='ltr'>hypothesi</span> <span class='ocrx_word' id='word_1_259' title='bbox 451 1982 544 2022; x_wconf 85' lang='lat' dir='ltr'>hujus</span> <span class='ocrx_word' id='word_1_260' title='bbox 567 1980 738 2019; x_wconf 77' lang='lat' dir='ltr'>problema-</span> 
     </span>
     <span class='ocr_line' id='line_1_32' title="bbox 268 2022 737 2063; baseline -0.004 -9"><span class='ocrx_word' id='word_1_261' title='bbox 268 2024 315 2060; x_wconf 88' lang='lat' dir='ltr'>tis,</span> <span class='ocrx_word' id='word_1_262' title='bbox 332 2033 457 2063; x_wconf 79' lang='lat' dir='ltr'>corpora</span> <span class='ocrx_word' id='word_1_263' title='bbox 471 2023 534 2053; x_wconf 92' lang='lat' dir='ltr'>duo</span> <span class='ocrx_word' id='word_1_264' title='bbox 554 2022 633 2053; x_wconf 64' lang='lat' dir='ltr'>circei</span> <span class='ocrx_word' id='word_1_265' title='bbox 654 2033 737 2053; x_wconf 89' lang='lat' dir='ltr'>com-</span> 
     </span>
     <span class='ocr_line' id='line_1_33' title="bbox 267 2065 738 2104; baseline -0.002 -9"><span class='ocrx_word' id='word_1_266' title='bbox 267 2076 363 2096; x_wconf 88' lang='lat' dir='ltr'>mune</span> <span class='ocrx_word' id='word_1_267' title='bbox 404 2065 556 2104; x_wconf 81' lang='lat' dir='ltr'>gravitatis</span> <span class='ocrx_word' id='word_1_268' title='bbox 598 2071 738 2095; x_wconf 85' lang='lat' dir='ltr'>centrum</span> 
     </span>
     <span class='ocr_line' id='line_1_34' title="bbox 268 2107 738 2138; baseline -0.004 0"><span class='ocrx_word' id='word_1_269' title='bbox 268 2118 325 2138; x_wconf 85' lang='lat' dir='ltr'>ceu</span> <span class='ocrx_word' id='word_1_270' title='bbox 337 2108 517 2138; x_wconf 87' lang='lat' dir='ltr'>umbilicum</span> <span class='ocrx_word' id='word_1_271' title='bbox 529 2107 676 2137; x_wconf 86' lang='lat' dir='ltr'>sectiones</span> <span class='ocrx_word' id='word_1_272' title='bbox 686 2117 738 2137; x_wconf 87' lang='lat' dir='ltr'>co-</span> 
     </span>
     <span class='ocr_line' id='line_1_35' title="bbox 269 2149 734 2189; baseline -0.004 -9"><span class='ocrx_word' id='word_1_273' title='bbox 269 2150 354 2180; x_wconf 80' lang='lat' dir='ltr'>nicas</span> <span class='ocrx_word' id='word_1_274' title='bbox 378 2149 553 2180; x_wconf 80' lang='lat' dir='ltr'>describunt</span> <span class='ocrx_word' id='word_1_275' title='bbox 579 2155 646 2189; x_wconf 79' lang='lat' dir='ltr'>(per</span> <span class='ocrx_word' id='word_1_276' title='bbox 663 2150 734 2180; x_wconf 91' lang='lat' dir='ltr'>Cor.</span> 
     </span>
     <span class='ocr_line' id='line_1_36' title="bbox 268 2190 739 2231; baseline -0.004 -8"><span class='ocrx_word' id='word_1_277' title='bbox 268 2196 297 2223; x_wconf 73' lang='lat'>2.</span> <span class='ocrx_word' id='word_1_278' title='bbox 323 2193 415 2231; x_wconf 85' lang='lat' dir='ltr'>Prop.</span> <span class='ocrx_word' id='word_1_279' title='bbox 444 2192 513 2231; x_wconf 87' lang='lat'>58.)</span> <span class='ocrx_word' id='word_1_280' title='bbox 545 2197 575 2222; x_wconf 88' lang='lat' dir='ltr'>et</span> <span class='ocrx_word' id='word_1_281' title='bbox 597 2190 668 2221; x_wconf 80' lang='lat' dir='ltr'>satis</span> <span class='ocrx_word' id='word_1_282' title='bbox 693 2197 739 2222; x_wconf 84' lang='lat' dir='ltr'>est</span> 
     </span>
     <span class='ocr_line' id='line_1_37' title="bbox 270 2233 739 2275; baseline 0 -11"><span class='ocrx_word' id='word_1_283' title='bbox 270 2237 323 2275; x_wconf 87' lang='lat' dir='ltr'>(ex</span> <span class='ocrx_word' id='word_1_284' title='bbox 353 2233 424 2264; x_wconf 72' lang='lat' dir='ltr'>noui</span> <span class='ocrx_word' id='word_1_285' title='bbox 453 2233 615 2273; x_wconf 86' lang='lat' dir='ltr'>superiori)</span> <span class='ocrx_word' id='word_1_286' title='bbox 645 2234 739 2264; x_wconf 82' lang='lat' dir='ltr'>unius</span> 
     </span>
     <span class='ocr_line' id='line_1_38' title="bbox 268 2276 737 2316; baseline -0.004 -9"><span class='ocrx_word' id='word_1_287' title='bbox 268 2276 403 2316; x_wconf 84' lang='lat' dir='ltr'>corporis</span> <span class='ocrx_word' id='word_1_288' title='bbox 439 2282 559 2306; x_wconf 82' lang='lat' dir='ltr'>motum</span> <span class='ocrx_word' id='word_1_289' title='bbox 595 2276 737 2306; x_wconf 83' lang='lat' dir='ltr'>determi-</span> 
     </span>
     <span class='ocr_line' id='line_1_39' title="bbox 268 2317 739 2358; baseline -0.002 -10"><span class='ocrx_word' id='word_1_290' title='bbox 268 2329 350 2349; x_wconf 81' lang='lat' dir='ltr'>nare.</span> <span class='ocrx_word' id='word_1_291' title='bbox 393 2319 512 2358; x_wconf 81' lang='lat' dir='ltr'>Itaque,</span> <span class='ocrx_word' id='word_1_292' title='bbox 525 2317 657 2357; x_wconf 80' lang='lat' dir='ltr'>exempli</span> <span class='ocrx_word' id='word_1_293' title='bbox 668 2328 739 2358; x_wconf 77' lang='lat' dir='ltr'>gra-</span> 
     </span>
     <span class='ocr_line' id='line_1_40' title="bbox 265 2359 738 2400; baseline -0.002 -9"><span class='ocrx_word' id='word_1_294' title='bbox 265 2359 322 2397; x_wconf 67' lang='lat' dir='ltr'>tia,</span> <span class='ocrx_word' id='word_1_295' title='bbox 357 2371 467 2400; x_wconf 80' lang='lat' dir='ltr'>corpus</span> <span class='ocrx_word' id='word_1_296' title='bbox 515 2361 542 2391; x_wconf 90' lang='lat' dir='ltr'><strong>P</strong></span> <span class='ocrx_word' id='word_1_297' title='bbox 588 2359 738 2391; x_wconf 90' lang='lat' dir='ltr'>circulum</span> 
     </span>
     <span class='ocr_line' id='line_1_41' title="bbox 270 2402 736 2434; baseline -0.004 0"><span class='ocrx_word' id='word_1_298' title='bbox 270 2404 299 2434; x_wconf 76' lang='lat' dir='ltr'>P</span> <span class='ocrx_word' id='word_1_299' title='bbox 317 2405 346 2434; x_wconf 85' lang='lat' dir='ltr'><strong>A</strong></span> <span class='ocrx_word' id='word_1_300' title='bbox 366 2403 394 2433; x_wconf 92' lang='lat' dir='ltr'>B</span> <span class='ocrx_word' id='word_1_301' title='bbox 412 2403 445 2433; x_wconf 93' lang='lat' dir='ltr'><strong>D</strong></span> <span class='ocrx_word' id='word_1_302' title='bbox 459 2402 653 2433; x_wconf 82' lang='lat' dir='ltr'>uniformiter</span> <span class='ocrx_word' id='word_1_303' title='bbox 668 2402 736 2433; x_wconf 83' lang='lat' dir='ltr'>des—</span> 
     </span>
     <span class='ocr_line' id='line_1_42' title="bbox 268 2444 738 2476; baseline -0.004 0"><span class='ocrx_word' id='word_1_304' title='bbox 268 2446 364 2476; x_wconf 87' lang='lat' dir='ltr'>cribat</span> <span class='ocrx_word' id='word_1_305' title='bbox 398 2444 590 2475; x_wconf 82' lang='lat' dir='ltr'>intereadum</span> <span class='ocrx_word' id='word_1_306' title='bbox 632 2444 738 2475; x_wconf 88' lang='lat' dir='ltr'>circuli</span> 
     </span>
     <span class='ocr_line' id='line_1_43' title="bbox 267 2486 740 2525; baseline -0.002 -8"><span class='ocrx_word' id='word_1_307' title='bbox 267 2488 447 2523; x_wconf 87' lang='lat' dir='ltr'>centrumC,</span> <span class='ocrx_word' id='word_1_308' title='bbox 456 2497 527 2517; x_wconf 86' lang='lat' dir='ltr'>curn</span> <span class='ocrx_word' id='word_1_309' title='bbox 536 2486 631 2525; x_wconf 84' lang='lat' dir='ltr'>ipsius</span> <span class='ocrx_word' id='word_1_310' title='bbox 641 2487 740 2517; x_wconf 87' lang='lat' dir='ltr'>circu-</span> 
     </span>
    </p>
   </div>
   <div class='ocr_carea' id='block_1_6' title="bbox 1143 1464 1971 1892">
    <p class='ocr_par' dir='ltr' id='par_1_8' title="bbox 1143 1464 1971 1892">
     <span class='ocr_line' id='line_1_44' title="bbox 1146 1464 1967 1508; baseline -0.013 -3"><span class='ocrx_word' id='word_1_311' title='bbox 1146 1475 1172 1505; x_wconf 90' lang='lat' dir='ltr'>C</span> <span class='ocrx_word' id='word_1_312' title='bbox 1192 1474 1222 1504; x_wconf 79' lang='lat' dir='ltr'><strong>R</strong></span> <span class='ocrx_word' id='word_1_313' title='bbox 1236 1486 1282 1502; x_wconf 95' lang='lat'><strong><em>=</em></strong></span> <span class='ocrx_word' id='word_1_314' title='bbox 1300 1472 1330 1502; x_wconf 90' lang='lat' dir='ltr'><strong>G</strong></span> <span class='ocrx_word' id='word_1_315' title='bbox 1348 1472 1384 1502; x_wconf 91' lang='lat' dir='ltr'>H</span> <span class='ocrx_word' id='word_1_316' title='bbox 1399 1483 1445 1500; x_wconf 88' lang='lat'>=</span> <span class='ocrx_word' id='word_1_317' title='bbox 1467 1467 1716 1508; x_wconf 81' lang='lat' dir='ltr'>semiperipheria</span> <span class='ocrx_word' id='word_1_318' title='bbox 1735 1471 1811 1496; x_wconf 81' lang='lat' dir='ltr'>rotae</span> <span class='ocrx_word' id='word_1_319' title='bbox 1835 1466 1865 1496; x_wconf 90' lang='lat' dir='ltr'>G</span> <span class='ocrx_word' id='word_1_320' title='bbox 1883 1465 1912 1495; x_wconf 82' lang='lat' dir='ltr'><strong>E</strong></span> <span class='ocrx_word' id='word_1_321' title='bbox 1930 1464 1967 1501; x_wconf 89' lang='lat' dir='ltr'>F,</span> 
     </span>
     <span class='ocr_line' id='line_1_45' title="bbox 1143 1508 1970 1552; baseline -0.013 -6"><span class='ocrx_word' id='word_1_322' title='bbox 1143 1515 1252 1546; x_wconf 87' lang='lat' dir='ltr'>eodem</span> <span class='ocrx_word' id='word_1_323' title='bbox 1266 1520 1402 1552; x_wconf 84' lang='lat' dir='ltr'>ternpore</span> <span class='ocrx_word' id='word_1_324' title='bbox 1427 1522 1489 1552; x_wconf 91' lang='lat' dir='ltr'>quo</span> <span class='ocrx_word' id='word_1_325' title='bbox 1514 1517 1664 1551; x_wconf 85' lang='lat' dir='ltr'>punctum</span> <span class='ocrx_word' id='word_1_326' title='bbox 1682 1509 1710 1539; x_wconf 94' lang='lat' dir='ltr'>P</span> <span class='ocrx_word' id='word_1_327' title='bbox 1723 1508 1894 1538; x_wconf 79' lang='lat' dir='ltr'>revolvetur</span> <span class='ocrx_word' id='word_1_328' title='bbox 1915 1516 1970 1546; x_wconf 82' lang='lat' dir='ltr'>per</span> 
     </span>
     <span class='ocr_line' id='line_1_46' title="bbox 1144 1547 1970 1594; baseline -0.012 -6"><span class='ocrx_word' id='word_1_329' title='bbox 1144 1563 1239 1588; x_wconf 78' lang='lat' dir='ltr'>totam</span> <span class='ocrx_word' id='word_1_330' title='bbox 1255 1554 1530 1594; x_wconf 84' lang='lat' dir='ltr'>semiperipheriam</span> <span class='ocrx_word' id='word_1_331' title='bbox 1549 1553 1578 1584; x_wconf 90' lang='lat' dir='ltr'>P</span> <span class='ocrx_word' id='word_1_332' title='bbox 1594 1553 1625 1583; x_wconf 80' lang='lat' dir='ltr'>A</span> <span class='ocrx_word' id='word_1_333' title='bbox 1643 1552 1694 1588; x_wconf 86' lang='lat' dir='ltr'>B;</span> <span class='ocrx_word' id='word_1_334' title='bbox 1716 1550 1832 1590; x_wconf 79' lang='lat' dir='ltr'>eritque</span> <span class='ocrx_word' id='word_1_335' title='bbox 1844 1547 1970 1588; x_wconf 65' lang='lat' dir='ltr'>proinde</span> 
     </span>
     <span class='ocr_line' id='line_1_47' title="bbox 1144 1590 1969 1635; baseline -0.012 -5"><span class='ocrx_word' id='word_1_336' title='bbox 1144 1599 1288 1630; x_wconf 82' lang='lat' dir='ltr'>velocitas</span> <span class='ocrx_word' id='word_1_337' title='bbox 1302 1599 1397 1628; x_wconf 81' lang='lat' dir='ltr'>centri</span> <span class='ocrx_word' id='word_1_338' title='bbox 1414 1597 1442 1627; x_wconf 90' lang='lat' dir='ltr'>C</span> <span class='ocrx_word' id='word_1_339' title='bbox 1455 1606 1511 1635; x_wconf 85' lang='lat' dir='ltr'>per</span> <span class='ocrx_word' id='word_1_340' title='bbox 1530 1595 1643 1625; x_wconf 82' lang='lat' dir='ltr'>lineam</span> <span class='ocrx_word' id='word_1_341' title='bbox 1672 1594 1698 1624; x_wconf 90' lang='lat' dir='ltr'>C</span> <span class='ocrx_word' id='word_1_342' title='bbox 1717 1593 1748 1624; x_wconf 78' lang='lat' dir='ltr'><strong>R</strong></span> <span class='ocrx_word' id='word_1_343' title='bbox 1766 1591 1805 1622; x_wconf 82' lang='lat' dir='ltr'>ad</span> <span class='ocrx_word' id='word_1_344' title='bbox 1827 1590 1969 1621; x_wconf 76' lang='lat' dir='ltr'>velocita-</span> 
     </span>
     <span class='ocr_line' id='line_1_48' title="bbox 1144 1631 1970 1680; baseline -0.012 -8"><span class='ocrx_word' id='word_1_345' title='bbox 1144 1648 1207 1672; x_wconf 88' lang='lat' dir='ltr'>tem</span> <span class='ocrx_word' id='word_1_346' title='bbox 1221 1640 1329 1680; x_wconf 79' lang='lat' dir='ltr'>puncti</span> <span class='ocrx_word' id='word_1_347' title='bbox 1343 1639 1391 1669; x_wconf 87' lang='lat' dir='ltr'>vel</span> <span class='ocrx_word' id='word_1_348' title='bbox 1406 1637 1538 1678; x_wconf 84' lang='lat' dir='ltr'>corporis</span> <span class='ocrx_word' id='word_1_349' title='bbox 1565 1637 1594 1667; x_wconf 82' lang='lat' dir='ltr'>P</span> <span class='ocrx_word' id='word_1_350' title='bbox 1617 1636 1651 1665; x_wconf 89' lang='lat' dir='ltr'>in</span> <span class='ocrx_word' id='word_1_351' title='bbox 1675 1633 1843 1674; x_wconf 56' lang='lat' dir='ltr'>peripheria</span> <span class='ocrx_word' id='word_1_352' title='bbox 1865 1631 1970 1663; x_wconf 88' lang='lat' dir='ltr'>circuli</span> 
     </span>
     <span class='ocr_line' id='line_1_49' title="bbox 1149 1676 1970 1715; baseline -0.013 0"><span class='ocrx_word' id='word_1_353' title='bbox 1149 1684 1177 1715; x_wconf 92' lang='lat' dir='ltr'>P</span> <span class='ocrx_word' id='word_1_354' title='bbox 1195 1685 1224 1714; x_wconf 84' lang='lat' dir='ltr'>A</span> <span class='ocrx_word' id='word_1_355' title='bbox 1243 1684 1271 1714; x_wconf 92' lang='grc' dir='ltr'>Β</span> <span class='ocrx_word' id='word_1_356' title='bbox 1286 1688 1323 1712; x_wconf 89' lang='lat' dir='ltr'>ut</span> <span class='ocrx_word' id='word_1_357' title='bbox 1336 1681 1480 1711; x_wconf 80' lang='lat' dir='ltr'>semirota</span> <span class='ocrx_word' id='word_1_358' title='bbox 1493 1679 1532 1710; x_wconf 86' lang='lat' dir='ltr'>ad</span> <span class='ocrx_word' id='word_1_359' title='bbox 1546 1677 1781 1712; x_wconf 83' lang='lat' dir='ltr'>semicirculum,</span> <span class='ocrx_word' id='word_1_360' title='bbox 1796 1676 1854 1705; x_wconf 89' lang='lat' dir='ltr'>hoc</span> <span class='ocrx_word' id='word_1_361' title='bbox 1868 1681 1920 1707; x_wconf 76' lang='lat' dir='ltr'>est.</span> <span class='ocrx_word' id='word_1_362' title='bbox 1934 1681 1970 1704; x_wconf 85' lang='lat' dir='ltr'>ut</span> 
     </span>
     <span class='ocr_line' id='line_1_50' title="bbox 1144 1716 1971 1756; baseline -0.013 0"><span class='ocrx_word' id='word_1_363' title='bbox 1144 1726 1247 1756; x_wconf 83' lang='lat' dir='ltr'>radius</span> <span class='ocrx_word' id='word_1_364' title='bbox 1265 1725 1290 1755; x_wconf 94' lang='lat' dir='ltr'>C</span> <span class='ocrx_word' id='word_1_365' title='bbox 1309 1724 1338 1754; x_wconf 90' lang='lat' dir='ltr'>G</span> <span class='ocrx_word' id='word_1_366' title='bbox 1354 1723 1393 1753; x_wconf 83' lang='lat' dir='ltr'>ad</span> <span class='ocrx_word' id='word_1_367' title='bbox 1407 1722 1527 1753; x_wconf 77' lang='lat' dir='ltr'>radium</span> <span class='ocrx_word' id='word_1_368' title='bbox 1546 1721 1571 1751; x_wconf 94' lang='lat' dir='ltr'>C</span> <span class='ocrx_word' id='word_1_369' title='bbox 1589 1720 1627 1750; x_wconf 88' lang='lat' dir='ltr'>P.</span> <span class='ocrx_word' id='word_1_370' title='bbox 1675 1718 1761 1750; x_wconf 87' lang='lat' dir='ltr'>Hinc</span> <span class='ocrx_word' id='word_1_371' title='bbox 1782 1717 1808 1747; x_wconf 75' lang='lat' dir='ltr'>si</span> <span class='ocrx_word' id='word_1_372' title='bbox 1827 1716 1971 1746; x_wconf 77' lang='lat' dir='ltr'>velocitas</span> 
     </span>
     <span class='ocr_line' id='line_1_51' title="bbox 1143 1759 1969 1805; baseline -0.013 -7"><span class='ocrx_word' id='word_1_373' title='bbox 1143 1767 1241 1798; x_wconf 77' lang='lat' dir='ltr'>centri</span> <span class='ocrx_word' id='word_1_374' title='bbox 1259 1767 1284 1797; x_wconf 91' lang='lat' dir='ltr'>C</span> <span class='ocrx_word' id='word_1_375' title='bbox 1300 1765 1425 1805; x_wconf 82' lang='lat' dir='ltr'>aequalis</span> <span class='ocrx_word' id='word_1_376' title='bbox 1438 1764 1478 1794; x_wconf 88' lang='lat' dir='ltr'>sit</span> <span class='ocrx_word' id='word_1_377' title='bbox 1490 1763 1641 1793; x_wconf 70' lang='lat' dir='ltr'>velocitati</span> <span class='ocrx_word' id='word_1_378' title='bbox 1656 1760 1788 1799; x_wconf 83' lang='lat' dir='ltr'>corporis</span> <span class='ocrx_word' id='word_1_379' title='bbox 1811 1759 1840 1789; x_wconf 91' lang='lat' dir='ltr'>P</span> <span class='ocrx_word' id='word_1_380' title='bbox 1863 1759 1896 1788; x_wconf 91' lang='lat' dir='ltr'>in</span> <span class='ocrx_word' id='word_1_381' title='bbox 1912 1759 1969 1788; x_wconf 87' lang='lat' dir='ltr'>cir-</span> 
     </span>
     <span class='ocr_line' id='line_1_52' title="bbox 1143 1800 1970 1840; baseline -0.011 -1"><span class='ocrx_word' id='word_1_382' title='bbox 1143 1809 1217 1840; x_wconf 88' lang='lat' dir='ltr'>culo</span> <span class='ocrx_word' id='word_1_383' title='bbox 1231 1818 1288 1838; x_wconf 91' lang='lat' dir='ltr'>suo</span> <span class='ocrx_word' id='word_1_384' title='bbox 1301 1805 1489 1840; x_wconf 79' lang='lat' dir='ltr'>revolventis,</span> <span class='ocrx_word' id='word_1_385' title='bbox 1505 1804 1637 1835; x_wconf 87' lang='lat' dir='ltr'>trochois</span> <span class='ocrx_word' id='word_1_386' title='bbox 1653 1803 1681 1833; x_wconf 91' lang='lat' dir='ltr'>P</span> <span class='ocrx_word' id='word_1_387' title='bbox 1697 1803 1726 1833; x_wconf 91' lang='lat' dir='ltr'>L</span> <span class='ocrx_word' id='word_1_388' title='bbox 1743 1802 1758 1832; x_wconf 93' lang='lat'>1</span> <span class='ocrx_word' id='word_1_389' title='bbox 1775 1801 1833 1831; x_wconf 83' lang='lat' dir='ltr'>erit</span> <span class='ocrx_word' id='word_1_390' title='bbox 1857 1800 1970 1840; x_wconf 85' lang='lat' dir='ltr'>cyclois</span> 
     </span>
     <span class='ocr_line' id='line_1_53' title="bbox 1145 1842 1967 1892; baseline -0.011 -11"><span class='ocrx_word' id='word_1_391' title='bbox 1145 1850 1301 1892; x_wconf 75' lang='lat' dir='ltr'>vulgaris;</span> <span class='ocrx_word' id='word_1_392' title='bbox 1324 1849 1350 1879; x_wconf 79' lang='lat' dir='ltr'>si</span> <span class='ocrx_word' id='word_1_393' title='bbox 1365 1848 1508 1879; x_wconf 65' lang='lat' dir='ltr'>velocitas</span> <span class='ocrx_word' id='word_1_394' title='bbox 1531 1846 1628 1877; x_wconf 83' lang='lat' dir='ltr'>centri</span> <span class='ocrx_word' id='word_1_395' title='bbox 1655 1845 1681 1876; x_wconf 91' lang='lat' dir='ltr'>C</span> <span class='ocrx_word' id='word_1_396' title='bbox 1704 1843 1802 1885; x_wconf 84' lang='lat' dir='ltr'>major</span> <span class='ocrx_word' id='word_1_397' title='bbox 1826 1842 1967 1880; x_wconf 83' lang='lat' dir='ltr'>extiterit,</span> 
     </span>
    </p>
   </div>
   <div class='ocr_carea' id='block_1_7' title="bbox 1815 1972 1844 2019">
    <p class='ocr_par' dir='ltr' id='par_1_9' title="bbox 1815 1972 1844 2019">
     <span class='ocr_line' id='line_1_54' title="bbox 1815 1972 1844 2019; baseline 0 0"><span class='ocrx_word' id='word_1_398' title='bbox 1815 1972 1844 2019; x_wconf 84' lang='grc' dir='ltr'>Ι</span> 
     </span>
    </p>
   </div>
   <div class='ocr_carea' id='block_1_8' title="bbox 809 1993 1967 2500">
    <p class='ocr_par' dir='ltr' id='par_1_10' title="bbox 809 1993 1967 2500">
     <span class='ocr_line' id='line_1_55' title="bbox 809 1993 1967 2500; baseline 0 -458"><span class='ocrx_word' id='word_1_399' title='bbox 809 1993 1967 2500; x_wconf 95' lang='lat' dir='ltr'>  </span> <span class='ocrx_word' id='word_1_400' title='bbox 1844 1993 1967 2042; x_wconf 95' lang='lat' dir='ltr'> </span> 
     </span>
    </p>
   </div>
   <div class='ocr_carea' id='block_1_9' title="bbox 268 2529 1103 3032">
    <p class='ocr_par' dir='ltr' id='par_1_11' title="bbox 268 2529 1103 3032">
     <span class='ocr_line' id='line_1_56' title="bbox 270 2529 741 2569; baseline -0.002 -10"><span class='ocrx_word' id='word_1_401' title='bbox 270 2529 293 2559; x_wconf 88' lang='lat' dir='ltr'>li</span> <span class='ocrx_word' id='word_1_402' title='bbox 304 2530 396 2568; x_wconf 87' lang='lat' dir='ltr'>plano</span> <span class='ocrx_word' id='word_1_403' title='bbox 405 2529 593 2569; x_wconf 77' lang='lat' dir='ltr'>aequabiliter</span> <span class='ocrx_word' id='word_1_404' title='bbox 602 2535 741 2559; x_wconf 87' lang='lat' dir='ltr'>movetur</span> 
     </span>
     <span class='ocr_line' id='line_1_57' title="bbox 268 2571 734 2611; baseline -0.002 -10"><span class='ocrx_word' id='word_1_405' title='bbox 268 2582 322 2611; x_wconf 85' lang='lat' dir='ltr'>per</span> <span class='ocrx_word' id='word_1_406' title='bbox 342 2578 456 2602; x_wconf 84' lang='lat' dir='ltr'>rectam</span> <span class='ocrx_word' id='word_1_407' title='bbox 485 2571 511 2602; x_wconf 88' lang='lat' dir='ltr'>C</span> <span class='ocrx_word' id='word_1_408' title='bbox 530 2572 561 2601; x_wconf 77' lang='lat' dir='ltr'>R</span> <span class='ocrx_word' id='word_1_409' title='bbox 585 2571 734 2602; x_wconf 86' lang='lat' dir='ltr'>diametro</span> 
     </span>
     <span class='ocr_line' id='line_1_58' title="bbox 272 2612 1098 2652; baseline -0.002 -7"><span class='ocrx_word' id='word_1_410' title='bbox 272 2614 301 2645; x_wconf 85' lang='lat' dir='ltr'>P</span> <span class='ocrx_word' id='word_1_411' title='bbox 317 2614 346 2644; x_wconf 89' lang='lat' dir='ltr'>B</span> <span class='ocrx_word' id='word_1_412' title='bbox 361 2613 654 2652; x_wconf 81' lang='lat' dir='ltr'>perpendicularem,</span> <span class='ocrx_word' id='word_1_413' title='bbox 672 2613 772 2652; x_wconf 70' lang='lat' dir='ltr'>sitque</span> <span class='ocrx_word' id='word_1_414' title='bbox 786 2622 906 2652; x_wconf 82' lang='lat' dir='ltr'>semper</span> <span class='ocrx_word' id='word_1_415' title='bbox 917 2613 1023 2644; x_wconf 88' lang='lat' dir='ltr'>circuli</span> <span class='ocrx_word' id='word_1_416' title='bbox 1032 2612 1098 2652; x_wconf 80' lang='lat' dir='ltr'>pla—</span> 
     </span>
     <span class='ocr_line' id='line_1_59' title="bbox 270 2655 1094 2696; baseline -0.001 -10"><span class='ocrx_word' id='word_1_417' title='bbox 270 2666 347 2686; x_wconf 90' lang='lat' dir='ltr'>num</span> <span class='ocrx_word' id='word_1_418' title='bbox 361 2655 475 2686; x_wconf 89' lang='lat' dir='ltr'>mobile</span> <span class='ocrx_word' id='word_1_419' title='bbox 489 2655 522 2685; x_wconf 89' lang='lat' dir='ltr'>in</span> <span class='ocrx_word' id='word_1_420' title='bbox 537 2656 628 2694; x_wconf 85' lang='lat' dir='ltr'>plano</span> <span class='ocrx_word' id='word_1_421' title='bbox 652 2656 747 2696; x_wconf 89' lang='lat' dir='ltr'>hujus</span> <span class='ocrx_word' id='word_1_422' title='bbox 771 2657 933 2686; x_wconf 78' lang='lat' dir='ltr'>schematis</span> <span class='ocrx_word' id='word_1_423' title='bbox 957 2655 1094 2686; x_wconf 85' lang='lat' dir='ltr'>immoto.</span> 
     </span>
     <span class='ocr_line' id='line_1_60' title="bbox 273 2697 1100 2737; baseline 0 -10"><span class='ocrx_word' id='word_1_424' title='bbox 273 2697 313 2728; x_wconf 91' lang='lat' dir='ltr'>ln</span> <span class='ocrx_word' id='word_1_425' title='bbox 328 2698 410 2727; x_wconf 82' lang='lat' dir='ltr'>linea</span> <span class='ocrx_word' id='word_1_426' title='bbox 426 2698 452 2728; x_wconf 90' lang='lat' dir='ltr'>C</span> <span class='ocrx_word' id='word_1_427' title='bbox 470 2698 499 2728; x_wconf 94' lang='lat' dir='ltr'>P</span> <span class='ocrx_word' id='word_1_428' title='bbox 513 2698 650 2737; x_wconf 84' lang='lat' dir='ltr'>capiatur</span> <span class='ocrx_word' id='word_1_429' title='bbox 668 2698 694 2728; x_wconf 93' lang='lat' dir='ltr'>C</span> <span class='ocrx_word' id='word_1_430' title='bbox 712 2698 743 2727; x_wconf 92' lang='lat' dir='ltr'>G</span> <span class='ocrx_word' id='word_1_431' title='bbox 765 2697 803 2727; x_wconf 84' lang='lat' dir='ltr'>ad</span> <span class='ocrx_word' id='word_1_432' title='bbox 832 2699 858 2728; x_wconf 94' lang='lat' dir='ltr'>C</span> <span class='ocrx_word' id='word_1_433' title='bbox 875 2698 904 2728; x_wconf 92' lang='lat' dir='ltr'>P</span> <span class='ocrx_word' id='word_1_434' title='bbox 926 2698 959 2727; x_wconf 86' lang='lat' dir='ltr'>in</span> <span class='ocrx_word' id='word_1_435' title='bbox 983 2697 1100 2727; x_wconf 81' lang='lat' dir='ltr'>ratione</span> 
     </span>
     <span class='ocr_line' id='line_1_61' title="bbox 269 2739 1099 2780; baseline -0.001 -11"><span class='ocrx_word' id='word_1_436' title='bbox 269 2739 440 2770; x_wconf 74' lang='lat' dir='ltr'>velocitatis</span> <span class='ocrx_word' id='word_1_437' title='bbox 453 2740 548 2770; x_wconf 83' lang='lat' dir='ltr'>centri</span> <span class='ocrx_word' id='word_1_438' title='bbox 566 2741 591 2771; x_wconf 94' lang='lat' dir='ltr'>C</span> <span class='ocrx_word' id='word_1_439' title='bbox 606 2750 661 2778; x_wconf 87' lang='lat' dir='ltr'>per</span> <span class='ocrx_word' id='word_1_440' title='bbox 674 2739 787 2770; x_wconf 80' lang='lat' dir='ltr'>lineam</span> <span class='ocrx_word' id='word_1_441' title='bbox 805 2740 831 2770; x_wconf 90' lang='lat' dir='ltr'>C</span> <span class='ocrx_word' id='word_1_442' title='bbox 850 2741 881 2770; x_wconf 80' lang='lat' dir='ltr'><strong>R</strong></span> <span class='ocrx_word' id='word_1_443' title='bbox 902 2739 1099 2780; x_wconf 82' lang='lat' dir='ltr'>progredien-</span> 
     </span>
     <span class='ocr_line' id='line_1_62' title="bbox 271 2781 1099 2821; baseline -0.001 -9"><span class='ocrx_word' id='word_1_444' title='bbox 271 2781 318 2817; x_wconf 85' lang='lat' dir='ltr'>tis,</span> <span class='ocrx_word' id='word_1_445' title='bbox 335 2782 373 2812; x_wconf 81' lang='lat' dir='ltr'>ad</span> <span class='ocrx_word' id='word_1_446' title='bbox 388 2782 579 2812; x_wconf 79' lang='lat' dir='ltr'>velocitatem</span> <span class='ocrx_word' id='word_1_447' title='bbox 594 2782 728 2821; x_wconf 84' lang='lat' dir='ltr'>corporis</span> <span class='ocrx_word' id='word_1_448' title='bbox 745 2782 772 2812; x_wconf 89' lang='lat' dir='ltr'>P</span> <span class='ocrx_word' id='word_1_449' title='bbox 786 2781 819 2812; x_wconf 88' lang='lat' dir='ltr'>in</span> <span class='ocrx_word' id='word_1_450' title='bbox 834 2782 940 2812; x_wconf 87' lang='lat' dir='ltr'>circuli</span> <span class='ocrx_word' id='word_1_451' title='bbox 960 2781 1099 2821; x_wconf 79' lang='lat' dir='ltr'>periphe-</span> 
     </span>
     <span class='ocr_line' id='line_1_63' title="bbox 272 2823 1100 2861; baseline 0.001 -9"><span class='ocrx_word' id='word_1_452' title='bbox 272 2823 317 2853; x_wconf 70' lang='grc' dir='ltr'>τίἓι</span> <span class='ocrx_word' id='word_1_453' title='bbox 341 2823 532 2861; x_wconf 84' lang='lat' dir='ltr'>revolventis,</span> <span class='ocrx_word' id='word_1_454' title='bbox 558 2830 625 2854; x_wconf 83' lang='lat' dir='ltr'>rota</span> <span class='ocrx_word' id='word_1_455' title='bbox 643 2825 670 2854; x_wconf 91' lang='lat' dir='ltr'>G</span> <span class='ocrx_word' id='word_1_456' title='bbox 691 2824 720 2854; x_wconf 84' lang='lat' dir='ltr'>E</span> <span class='ocrx_word' id='word_1_457' title='bbox 739 2823 765 2854; x_wconf 93' lang='lat' dir='ltr'><strong>F</strong></span> <span class='ocrx_word' id='word_1_458' title='bbox 789 2831 893 2854; x_wconf 87' lang='lat' dir='ltr'>centro</span> <span class='ocrx_word' id='word_1_459' title='bbox 919 2824 944 2854; x_wconf 95' lang='lat' dir='ltr'>C</span> <span class='ocrx_word' id='word_1_460' title='bbox 971 2830 1001 2853; x_wconf 89' lang='lat' dir='ltr'>et</span> <span class='ocrx_word' id='word_1_461' title='bbox 1015 2823 1100 2853; x_wconf 75' lang='lat' dir='ltr'>radio</span> 
     </span>
     <span class='ocr_line' id='line_1_64' title="bbox 278 2865 1102 2907; baseline 0 -13"><span class='ocrx_word' id='word_1_462' title='bbox 278 2866 303 2894; x_wconf 93' lang='lat' dir='ltr'>C</span> <span class='ocrx_word' id='word_1_463' title='bbox 323 2866 350 2895; x_wconf 93' lang='lat' dir='ltr'>G</span> <span class='ocrx_word' id='word_1_464' title='bbox 368 2865 516 2905; x_wconf 82' lang='lat' dir='ltr'>descripta</span> <span class='ocrx_word' id='word_1_465' title='bbox 530 2876 622 2905; x_wconf 87' lang='lat' dir='ltr'>super</span> <span class='ocrx_word' id='word_1_466' title='bbox 635 2866 775 2907; x_wconf 86' lang='lat' dir='ltr'>regulam</span> <span class='ocrx_word' id='word_1_467' title='bbox 794 2867 823 2896; x_wconf 80' lang='lat' dir='ltr'><strong>G</strong></span> <span class='ocrx_word' id='word_1_468' title='bbox 839 2867 873 2896; x_wconf 88' lang='lat' dir='ltr'>H</span> <span class='ocrx_word' id='word_1_469' title='bbox 889 2865 929 2896; x_wconf 79' lang='lat' dir='ltr'>nd</span> <span class='ocrx_word' id='word_1_470' title='bbox 947 2866 976 2896; x_wconf 92' lang='lat' dir='ltr'>G</span> <span class='ocrx_word' id='word_1_471' title='bbox 991 2865 1016 2896; x_wconf 94' lang='lat' dir='ltr'>C</span> <span class='ocrx_word' id='word_1_472' title='bbox 1032 2875 1102 2895; x_wconf 86' lang='lat' dir='ltr'>nor-</span> 
     </span>
     <span class='ocr_line' id='line_1_65' title="bbox 273 2907 1103 2948; baseline 0 -12"><span class='ocrx_word' id='word_1_473' title='bbox 273 2907 386 2936; x_wconf 82' lang='lat' dir='ltr'>malem</span> <span class='ocrx_word' id='word_1_474' title='bbox 404 2908 616 2948; x_wconf 78' lang='lat' dir='ltr'>progrediatur</span> <span class='ocrx_word' id='word_1_475' title='bbox 630 2908 813 2938; x_wconf 86' lang='lat' dir='ltr'>revolvendo</span> <span class='ocrx_word' id='word_1_476' title='bbox 837 2907 917 2947; x_wconf 54' lang='lat' dir='ltr'>circ&amp;</span> <span class='ocrx_word' id='word_1_477' title='bbox 941 2917 1029 2938; x_wconf 80' lang='lat' dir='ltr'>axem</span> <span class='ocrx_word' id='word_1_478' title='bbox 1052 2917 1103 2937; x_wconf 78' lang='lat' dir='ltr'>su-</span> 
     </span>
     <span class='ocr_line' id='line_1_66' title="bbox 274 2949 1101 2989; baseline 0.002 -12"><span class='ocrx_word' id='word_1_479' title='bbox 274 2957 338 2984; x_wconf 90' lang='lat' dir='ltr'>um,</span> <span class='ocrx_word' id='word_1_480' title='bbox 356 2955 383 2978; x_wconf 85' lang='lat' dir='ltr'>et</span> <span class='ocrx_word' id='word_1_481' title='bbox 401 2956 550 2987; x_wconf 85' lang='lat' dir='ltr'>punctum</span> <span class='ocrx_word' id='word_1_482' title='bbox 570 2951 596 2980; x_wconf 90' lang='lat' dir='ltr'>l’</span> <span class='ocrx_word' id='word_1_483' title='bbox 611 2951 643 2980; x_wconf 93' lang='lat' dir='ltr'>in</span> <span class='ocrx_word' id='word_1_484' title='bbox 658 2950 750 2989; x_wconf 83' lang='lat' dir='ltr'>plano</span> <span class='ocrx_word' id='word_1_485' title='bbox 773 2949 877 2980; x_wconf 84' lang='lat' dir='ltr'>circuli</span> <span class='ocrx_word' id='word_1_486' title='bbox 897 2950 927 2979; x_wconf 90' lang='lat' dir='ltr'>G</span> <span class='ocrx_word' id='word_1_487' title='bbox 945 2949 974 2979; x_wconf 86' lang='lat' dir='ltr'><strong>E</strong></span> <span class='ocrx_word' id='word_1_488' title='bbox 993 2949 1019 2979; x_wconf 88' lang='lat' dir='ltr'><strong>F</strong></span> <span class='ocrx_word' id='word_1_489' title='bbox 1043 2949 1101 2979; x_wconf 82' lang='lat' dir='ltr'>im-</span> 
     </span>
     <span class='ocr_line' id='line_1_67' title="bbox 274 2990 1103 3032; baseline 0.002 -13"><span class='ocrx_word' id='word_1_490' title='bbox 274 2998 396 3020; x_wconf 81' lang='lat' dir='ltr'>motum</span> <span class='ocrx_word' id='word_1_491' title='bbox 412 2990 560 3023; x_wconf 83' lang='lat' dir='ltr'>describet</span> <span class='ocrx_word' id='word_1_492' title='bbox 575 2991 691 3023; x_wconf 58' lang='lat' dir='ltr'>intere&amp;</span> <span class='ocrx_word' id='word_1_493' title='bbox 705 2992 840 3023; x_wconf 81' lang='lat' dir='ltr'>trochoic</span> <span class='ocrx_word' id='word_1_494' title='bbox 862 3006 893 3022; x_wconf 65' lang='grc' dir='ltr'>..ι</span> <span class='ocrx_word' id='word_1_495' title='bbox 910 2991 938 3023; x_wconf 81' lang='lat' dir='ltr'>P</span> <span class='ocrx_word' id='word_1_496' title='bbox 954 2991 984 3022; x_wconf 89' lang='lat' dir='ltr'>L</span> <span class='ocrx_word' id='word_1_497' title='bbox 1002 2991 1015 3021; x_wconf 95' lang='lat'>1</span> <span class='ocrx_word' id='word_1_498' title='bbox 1033 3001 1103 3032; x_wconf 85' lang='lat' dir='ltr'>quae</span> 
     </span>
    </p>
   </div>
   <div class='ocr_carea' id='block_1_10' title="bbox 1848 2481 1953 2564">
    <p class='ocr_par' dir='ltr' id='par_1_12' title="bbox 1848 2481 1953 2564">
     <span class='ocr_line' id='line_1_68' title="bbox 1848 2481 1953 2564; baseline 0 -81"><span class='ocrx_word' id='word_1_499' title='bbox 1848 2481 1953 2564; x_wconf 5' lang='lat' dir='ltr'>*HR</span> 
     </span>
    </p>
   </div>
   <div class='ocr_carea' id='block_1_11' title="bbox 1141 2612 1969 3030">
    <p class='ocr_par' dir='ltr' id='par_1_13' title="bbox 1141 2612 1966 2692">
     <span class='ocr_line' id='line_1_69' title="bbox 1141 2612 1966 2656; baseline 0.001 -12"><span class='ocrx_word' id='word_1_500' title='bbox 1141 2613 1198 2644; x_wconf 73' lang='lat' dir='ltr'>erit</span> <span class='ocrx_word' id='word_1_501' title='bbox 1213 2614 1240 2644; x_wconf 93' lang='lat' dir='ltr'>P</span> <span class='ocrx_word' id='word_1_502' title='bbox 1256 2612 1285 2644; x_wconf 93' lang='lat' dir='ltr'>L</span> <span class='ocrx_word' id='word_1_503' title='bbox 1303 2614 1319 2644; x_wconf 97' lang='lat' dir='ltr'>I</span> <span class='ocrx_word' id='word_1_504' title='bbox 1335 2613 1467 2644; x_wconf 84' lang='lat' dir='ltr'>trochois</span> <span class='ocrx_word' id='word_1_505' title='bbox 1481 2614 1652 2656; x_wconf 66' lang='lat' dir='ltr'>oblongam,</span> <span class='ocrx_word' id='word_1_506' title='bbox 1674 2614 1700 2644; x_wconf 86' lang='lat' dir='ltr'>si</span> <span class='ocrx_word' id='word_1_507' title='bbox 1713 2613 1857 2645; x_wconf 68' lang='lat' dir='ltr'>velocitas</span> <span class='ocrx_word' id='word_1_508' title='bbox 1870 2613 1966 2646; x_wconf 81' lang='lat' dir='ltr'>centri</span> 
     </span>
     <span class='ocr_line' id='line_1_70' title="bbox 1145 2653 1814 2692; baseline -0.001 -5"><span class='ocrx_word' id='word_1_509' title='bbox 1145 2656 1171 2687; x_wconf 90' lang='lat' dir='ltr'>C</span> <span class='ocrx_word' id='word_1_510' title='bbox 1186 2656 1296 2692; x_wconf 86' lang='lat' dir='ltr'>minor,</span> <span class='ocrx_word' id='word_1_511' title='bbox 1312 2656 1368 2687; x_wconf 87' lang='lat' dir='ltr'>erit</span> <span class='ocrx_word' id='word_1_512' title='bbox 1385 2653 1413 2686; x_wconf 92' lang='lat' dir='ltr'>P</span> <span class='ocrx_word' id='word_1_513' title='bbox 1429 2656 1458 2686; x_wconf 94' lang='lat' dir='ltr'>L</span> <span class='ocrx_word' id='word_1_514' title='bbox 1476 2657 1492 2687; x_wconf 92' lang='lat'>1</span> <span class='ocrx_word' id='word_1_515' title='bbox 1509 2656 1638 2687; x_wconf 76' lang='lat' dir='ltr'>trocheis</span> <span class='ocrx_word' id='word_1_516' title='bbox 1651 2656 1814 2687; x_wconf 73' lang='lat' dir='ltr'>decurtata.</span> 
     </span>
    </p>

    <p class='ocr_par' dir='ltr' id='par_1_14' title="bbox 1141 2697 1969 3030">
     <span class='ocr_line' id='line_1_71' title="bbox 1188 2697 1966 2739; baseline 0.003 -12"><span class='ocrx_word' id='word_1_517' title='bbox 1188 2697 1234 2728; x_wconf 86' lang='lat' dir='ltr'>Sit</span> <span class='ocrx_word' id='word_1_518' title='bbox 1249 2708 1333 2728; x_wconf 91' lang='lat' dir='ltr'>nunc</span> <span class='ocrx_word' id='word_1_519' title='bbox 1351 2699 1380 2728; x_wconf 78' lang='lat' dir='ltr'>A</span> <span class='ocrx_word' id='word_1_520' title='bbox 1400 2699 1429 2729; x_wconf 90' lang='lat' dir='ltr'><strong>P</strong></span> <span class='ocrx_word' id='word_1_521' title='bbox 1442 2698 1535 2729; x_wconf 85' lang='lat' dir='ltr'>sectio</span> <span class='ocrx_word' id='word_1_522' title='bbox 1549 2698 1663 2738; x_wconf 71' lang='lat' dir='ltr'>quaevis</span> <span class='ocrx_word' id='word_1_523' title='bbox 1677 2698 1782 2729; x_wconf 73' lang='lat' dir='ltr'>conica</span> <span class='ocrx_word' id='word_1_524' title='bbox 1796 2698 1886 2739; x_wconf 83' lang='lat' dir='ltr'>cujus</span> <span class='ocrx_word' id='word_1_525' title='bbox 1899 2707 1966 2729; x_wconf 72' lang='lat' dir='ltr'>vee-</span> 
     </span>
     <span class='ocr_line' id='line_1_72' title="bbox 1141 2739 1967 2780; baseline 0.002 -11"><span class='ocrx_word' id='word_1_526' title='bbox 1141 2746 1192 2769; x_wconf 84' lang='lat' dir='ltr'>tex</span> <span class='ocrx_word' id='word_1_527' title='bbox 1211 2741 1253 2777; x_wconf 87' lang='lat' dir='ltr'>A,</span> <span class='ocrx_word' id='word_1_528' title='bbox 1269 2740 1434 2771; x_wconf 88' lang='lat' dir='ltr'>umbilicus</span> <span class='ocrx_word' id='word_1_529' title='bbox 1447 2750 1501 2770; x_wconf 85' lang='lat' dir='ltr'>seu</span> <span class='ocrx_word' id='word_1_530' title='bbox 1515 2739 1626 2770; x_wconf 88' lang='lat' dir='ltr'>virium</span> <span class='ocrx_word' id='word_1_531' title='bbox 1651 2745 1681 2770; x_wconf 87' lang='lat' dir='ltr'>et</span> <span class='ocrx_word' id='word_1_532' title='bbox 1705 2740 1859 2780; x_wconf 74' lang='lat' dir='ltr'>gravitatis</span> <span class='ocrx_word' id='word_1_533' title='bbox 1882 2750 1967 2771; x_wconf 86' lang='lat' dir='ltr'>com-</span> 
     </span>
     <span class='ocr_line' id='line_1_73' title="bbox 1141 2781 1966 2819; baseline 0.002 -8"><span class='ocrx_word' id='word_1_534' title='bbox 1141 2790 1237 2811; x_wconf 90' lang='lat' dir='ltr'>mune</span> <span class='ocrx_word' id='word_1_535' title='bbox 1251 2789 1390 2812; x_wconf 84' lang='lat' dir='ltr'>centrum</span> <span class='ocrx_word' id='word_1_536' title='bbox 1404 2782 1441 2819; x_wconf 91' lang='lat' dir='ltr'>C,</span> <span class='ocrx_word' id='word_1_537' title='bbox 1457 2781 1522 2812; x_wconf 77' lang='lat' dir='ltr'>axis</span> <span class='ocrx_word' id='word_1_538' title='bbox 1536 2788 1721 2812; x_wconf 73' lang='lat' dir='ltr'>transversus</span> <span class='ocrx_word' id='word_1_539' title='bbox 1733 2783 1762 2812; x_wconf 83' lang='lat' dir='ltr'>A</span> <span class='ocrx_word' id='word_1_540' title='bbox 1779 2782 1815 2819; x_wconf 90' lang='lat' dir='ltr'>C,</span> <span class='ocrx_word' id='word_1_541' title='bbox 1827 2788 1966 2813; x_wconf 76' lang='lat' dir='ltr'>centrum</span> 
     </span>
     <span class='ocr_line' id='line_1_74' title="bbox 1144 2823 1967 2863; baseline 0.001 -10"><span class='ocrx_word' id='word_1_542' title='bbox 1144 2823 1170 2853; x_wconf 95' lang='lat' dir='ltr'>C</span> <span class='ocrx_word' id='word_1_543' title='bbox 1186 2823 1378 2855; x_wconf 78' lang='lat' dir='ltr'>uniformiter</span> <span class='ocrx_word' id='word_1_544' title='bbox 1391 2830 1549 2854; x_wconf 73' lang='lat' dir='ltr'>moveatur</span> <span class='ocrx_word' id='word_1_545' title='bbox 1569 2824 1602 2853; x_wconf 87' lang='lat' dir='ltr'>in</span> <span class='ocrx_word' id='word_1_546' title='bbox 1624 2823 1705 2854; x_wconf 57' lang='lat' dir='ltr'>rectit</span> <span class='ocrx_word' id='word_1_547' title='bbox 1722 2824 1754 2854; x_wconf 94' lang='lat' dir='ltr'>D</span> <span class='ocrx_word' id='word_1_548' title='bbox 1772 2825 1804 2855; x_wconf 78' lang='lat' dir='ltr'><strong>R</strong></span> <span class='ocrx_word' id='word_1_549' title='bbox 1818 2824 1967 2863; x_wconf 75' lang='lat' dir='ltr'>positione</span> 
     </span>
     <span class='ocr_line' id='line_1_75' title="bbox 1146 2864 1968 2904; baseline 0.002 -9"><span class='ocrx_word' id='word_1_550' title='bbox 1146 2864 1224 2903; x_wconf 65' lang='lat' dir='ltr'>datii,</span> <span class='ocrx_word' id='word_1_551' title='bbox 1252 2871 1283 2895; x_wconf 89' lang='lat' dir='ltr'>et</span> <span class='ocrx_word' id='word_1_552' title='bbox 1306 2875 1379 2896; x_wconf 88' lang='lat' dir='ltr'>eum</span> <span class='ocrx_word' id='word_1_553' title='bbox 1404 2865 1459 2895; x_wconf 91' lang='lat' dir='ltr'>illo</span> <span class='ocrx_word' id='word_1_554' title='bbox 1482 2864 1608 2904; x_wconf 78' lang='lat' dir='ltr'>planum</span> <span class='ocrx_word' id='word_1_555' title='bbox 1634 2875 1735 2896; x_wconf 80' lang='lat' dir='ltr'>curvae</span> <span class='ocrx_word' id='word_1_556' title='bbox 1762 2867 1792 2897; x_wconf 80' lang='lat' dir='ltr'>A</span> <span class='ocrx_word' id='word_1_557' title='bbox 1818 2866 1846 2897; x_wconf 89' lang='lat' dir='ltr'><strong>P</strong></span> <span class='ocrx_word' id='word_1_558' title='bbox 1862 2866 1899 2903; x_wconf 89' lang='lat' dir='ltr'>C,</span> <span class='ocrx_word' id='word_1_559' title='bbox 1924 2864 1968 2896; x_wconf 63' lang='lat' dir='ltr'>iu}</span> 
     </span>
     <span class='ocr_line' id='line_1_76' title="bbox 1145 2907 1968 2949; baseline 0.001 -12"><span class='ocrx_word' id='word_1_560' title='bbox 1145 2907 1343 2937; x_wconf 76' lang='lat' dir='ltr'>transferatur</span> <span class='ocrx_word' id='word_1_561' title='bbox 1357 2907 1390 2937; x_wconf 81' lang='lat' dir='ltr'>in</span> <span class='ocrx_word' id='word_1_562' title='bbox 1403 2907 1497 2946; x_wconf 83' lang='lat' dir='ltr'>plano</span> <span class='ocrx_word' id='word_1_563' title='bbox 1511 2908 1603 2949; x_wconf 84' lang='lat' dir='ltr'>hujus</span> <span class='ocrx_word' id='word_1_564' title='bbox 1613 2908 1773 2938; x_wconf 79' lang='lat' dir='ltr'>schematis</span> <span class='ocrx_word' id='word_1_565' title='bbox 1783 2908 1921 2943; x_wconf 85' lang='lat' dir='ltr'>immoto,</span> <span class='ocrx_word' id='word_1_566' title='bbox 1932 2913 1968 2938; x_wconf 83' lang='lat' dir='ltr'>ut</span> 
     </span>
     <span class='ocr_line' id='line_1_77' title="bbox 1143 2949 1969 2988; baseline 0.004 -10"><span class='ocrx_word' id='word_1_567' title='bbox 1143 2949 1208 2979; x_wconf 78' lang='lat' dir='ltr'>axis</span> <span class='ocrx_word' id='word_1_568' title='bbox 1227 2949 1255 2978; x_wconf 83' lang='lat' dir='ltr'><strong>A</strong></span> <span class='ocrx_word' id='word_1_569' title='bbox 1274 2949 1310 2983; x_wconf 86' lang='lat' dir='ltr'>C,</span> <span class='ocrx_word' id='word_1_570' title='bbox 1327 2955 1418 2979; x_wconf 78' lang='lat' dir='ltr'>rectae</span> <span class='ocrx_word' id='word_1_571' title='bbox 1435 2949 1464 2979; x_wconf 90' lang='lat' dir='ltr'>B</span> <span class='ocrx_word' id='word_1_572' title='bbox 1482 2949 1525 2985; x_wconf 91' lang='lat' dir='ltr'>D,</span> <span class='ocrx_word' id='word_1_573' title='bbox 1542 2949 1691 2988; x_wconf 85' lang='lat' dir='ltr'>positione</span> <span class='ocrx_word' id='word_1_574' title='bbox 1705 2949 1784 2980; x_wconf 67' lang='lat' dir='ltr'>dnm</span> <span class='ocrx_word' id='word_1_575' title='bbox 1798 2949 1837 2981; x_wconf 84' lang='lat' dir='ltr'>sit</span> <span class='ocrx_word' id='word_1_576' title='bbox 1850 2957 1969 2988; x_wconf 73' lang='lat' dir='ltr'>semper</span> 
     </span>
     <span class='ocr_line' id='line_1_78' title="bbox 1142 2989 1968 3030; baseline 0.002 -10"><span class='ocrx_word' id='word_1_577' title='bbox 1142 2990 1315 3030; x_wconf 69' lang='lat' dir='ltr'>parallelus.</span> <span class='ocrx_word' id='word_1_578' title='bbox 1358 2991 1448 3022; x_wconf 87' lang='lat' dir='ltr'>Dum</span> <span class='ocrx_word' id='word_1_579' title='bbox 1459 3000 1570 3030; x_wconf 86' lang='lat' dir='ltr'>corpus</span> <span class='ocrx_word' id='word_1_580' title='bbox 1586 2991 1614 3023; x_wconf 76' lang='lat' dir='ltr'>P</span> <span class='ocrx_word' id='word_1_581' title='bbox 1627 2991 1661 3021; x_wconf 87' lang='lat' dir='ltr'>in</span> <span class='ocrx_word' id='word_1_582' title='bbox 1675 2991 1767 3023; x_wconf 59' lang='lat' dir='ltr'>curva</span> <span class='ocrx_word' id='word_1_583' title='bbox 1784 2992 1813 3022; x_wconf 82' lang='lat' dir='ltr'>A</span> <span class='ocrx_word' id='word_1_584' title='bbox 1831 2992 1857 3023; x_wconf 86' lang='lat' dir='ltr'><strong>P</strong></span> <span class='ocrx_word' id='word_1_585' title='bbox 1871 2989 1968 3022; x_wconf 65' lang='lat' dir='ltr'>revoL</span> 
     </span>
    </p>
   </div>
  </div>
 </body>
</html>
