2086 3542
302 273 380 310 146
502 306 505 309 .
714 259 1188 306 -PHILOSOPHJAE
1219 259 1579 303 NATURALIS
1639 258 2008 312 [Mo'r.'C0R1²on.

1874 410 1895 431 Γ

972 541 1217 592 SECTIO
1252 540 1310 588 V.

591 664 805 714 Iuventio
830 663 1005 710 orbium
1026 662 1106 707 ubi,
1130 648 1362 707 umbilicus
1383 667 1542 707 neuter
1569 661 1726 707 datur.

943 821 1174 866 LEMMA
1205 820 1355 863 XVII.

288 928 344 974 ,Si
358 943 384 968 α
402 928 507 968 datoe
520 926 661 968 conicae
672 924 849 966 sectionis
853 929 1000 977 puncto
1020 923 1151 976 quovis
1166 921 1202 963 P
1213 922 1270 962 ad
1288 920 1458 974 trapezii
1469 919 1632 974 alicujus
1653 921 1693 962 A
1707 921 1745 962 B
1762 921 1797 963 C
1811 921 1870 970 D,
1886 922 1928 961 in
1943 935 2005 962 co-

353 997 443 1039 nied
459 995 531 1038 illd
553 997 717 1039 sectione
729 995 921 1047 inscripti,
938 994 1065 1033 latera
1090 998 1256 1045 quatuor
1280 990 1431 1049 irfinite‘
1435 992 1630 1044 producta
1650 991 1689 1032 A
1706 991 1757 1042 B,
1777 991 1812 1032 C
1826 992 1883 1042 D,
1899 991 1939 1033 A
1953 991 2003 1052 C,

311 1112 314 1115 Δ
354 1069 398 1111 D
413 1069 451 1110 B
472 1068 626 1109 totidem
640 1072 754 1106 rectce
768 1065 804 1106 P
819 1064 874 1114 Q,
899 1064 934 1105 P
950 1064 1002 1112 R,
1026 1064 1062 1104 P
1082 1064 1123 1113 S,
1151 1063 1183 1103 P
1201 1062 1243 1104 T
1255 1064 1297 1103 in
1318 1063 1423 1103 datis
1443 1064 1598 1117 angulis
1625 1064 1828 1113 ducantur,
1845 1063 2007 1118 singulae

352 1141 408 1180 ad
418 1139 587 1193 singula.-
609 1136 867 1189 rectangulum
883 1136 1081 1175 ductarum
1097 1135 1153 1174 ad
1163 1135 1340 1188 opposita
1353 1135 1427 1174 duo
1439 1134 1567 1174 latera
1592 1134 1627 1175 P
1637 1134 1679 1183 Q
1693 1143 1725 1176 ><
1740 1134 1775 1176 Ρ
1791 1135 1843 1183 R,
1865 1135 1942 1175 erit
1952 1135 2008 1174 ad

351 1209 614 1263 rectangulum
631 1207 830 1246 ductarum
842 1206 898 1245 ad
909 1205 994 1244 alia
1008 1205 1083 1264 duo
1095 1205 1223 1244 latera
1238 1205 1415 1257 opposita
1431 1204 1467 1245 P
1482 1204 1511 1246 S
1525 1212 1558 1247 ><
1573 1204 1608 1246 Ρ
1622 1203 1663 1244 Τ
1675 1205 1716 1244 in
1730 1202 1826 1245 datd
1838 1204 2004 1246 ratione.

354 1348 442 1389 Cas.
477 1351 514 1388 1.
547 1344 756 1387 Ponamus
777 1340 912 1398 primo
931 1342 1059 1383 lineas
1080 1341 1132 1382 ad
1153 1341 1343 1396 opposita
1368 1341 1495 1383 latera
1516 1341 1659 1384 ductas
1678 1342 1894 1398 parallelas
1914 1357 2004 1385 esse

294 1417 478 1459 alterutri
497 1416 748 1472 reliquorum
767 1414 954 1463 laterum,
976 1410 1075 1467 putei
1098 1412 1133 1453 P
1155 1412 1197 1461 Q
1218 1419 1259 1453 et
1281 1412 1317 1453 P
1332 1412 1372 1453 R
1392 1411 1509 1453 lateri
1530 1412 1570 1453 A
1593 1412 1642 1462 C,
1665 1419 1707 1453 et
1728 1413 1764 1454 P
1787 1414 1816 1455 S
1836 1427 1883 1454 ac
1905 1413 1941 1455 P
1961 1413 2004 1455 T

293 1494 411 1536 lateri
433 1497 474 1537 A
495 1497 546 1538 B.
624 1495 796 1549 Sintque
816 1491 982 1544 insuper
1002 1487 1130 1528 latera
1149 1486 1233 1527 duo
1253 1501 1306 1528 ex
1325 1486 1537 1541 oppositis,
1573 1485 1674 1541 putei
1693 1486 1734 1528 A
1757 1486 1793 1527 C
1823 1494 1864 1528 et
1885 1486 1923 1528 B
1942 1485 2001 1538 D,

263 1557 265 1559 ¹
293 1566 377 1607 sibi'
390 1567 565 1608 invicem
584 1564 792 1622 parallela.
852 1561 909 1602 Et
928 1566 1050 1618 reeta,
1073 1572 1165 1613 quae
1185 1557 1340 1598 bisecat
1358 1556 1554 1612 parallela
1573 1556 1643 1597 illa
1661 1556 1803 1607 latera,
1826 1557 1903 1598 erit
1919 1551 2004 1622 tina

293 1654 346 1681 ex
366 1638 574 1680 diametris
595 1636 749 1679 conicae
770 1631 970 1681 sectionis,
993 1637 1035 1670 et
1052 1628 1250 1669 bisecabit
1270 1628 1393 1669 etiam
1416 1627 1455 1669 R
1478 1627 1532 1676 Q.
1596 1627 1658 1669 Sit
1680 1626 1720 1669 O
1739 1635 1940 1682 punctum
1958 1628 2005 1669 in

293 1724 375 1766 quo
397 1710 438 1753 R
460 1710 503 1760 Q
521 1709 739 1757 bisecatur,
770 1713 811 1747 et
830 1704 908 1746 erit
948 1702 984 1743 P
1005 1699 1046 1741 Ο
1118 1705 1149 1750 (ἲ

282 1781 513 1823 :ordinatim
551 1779 754 1834 applicata
791 1776 845 1818 ad
890 1775 1044 1817 diame-

291 1859 401 1894 trum
420 1852 545 1892 illam.
606 1849 772 1891 Produc
794 1848 830 1889 P
847 1847 888 1888 O
908 1846 961 1887 ad
983 1846 1038 1892 K,
1108 1886 1118 1898 ,

291 1930 339 1964 ut
357 1922 407 1964 sit
443 1922 485 1964 O
511 1921 553 1962 K
575 1919 743 1976 aequalis
766 1918 802 1960 P
825 1918 878 1968 O,
901 1925 942 1958 et
962 1918 1039 1958 erit
1141 1920 1491 1938 “““““““““”““·······’···“
1518 1929 1696 1985 ········-····Ξ-
1697 1935 1903 1947 ----------------
1905 1918 1992 1961 -εΤ

295 1993 336 2036 Ο
358 1993 401 2035 Κ
421 1993 641 2035 ordinatim
654 1991 856 2047 applicata
867 1991 920 2032 ad
941 2005 1038 2031 con·
1670 1988 1679 2020 ἓ

293 2064 438 2106 trarias
476 2071 615 2119 partes
650 2062 850 2104 diametri.
931 2061 1039 2102 Cum

296 2136 420 2193 igitur
437 2141 592 2191 puncta
613 2134 667 2184 A,
691 2134 741 2184 B,
766 2133 802 2174 P
823 2140 863 2173 et
885 2131 928 2173 K
960 2132 1041 2173 sint

296 2206 349 2247 ad
368 2205 554 2247 conicam
594 2204 827 2254 sectionem,
859 2212 900 2246 et
939 2205 974 2246 P
997 2205 1039 2248 K

294 2284 402 2318 secet
423 2276 463 2317 A
486 2277 523 2318 B
552 2276 596 2316 in
630 2275 727 2316 dato
761 2275 926 2332 angulo,
963 2277 1041 2317 erit

294 2350 386 2402 (per
408 2347 533 2401 Prop.
559 2350 623 2396 17,
650 2352 714 2396 19,
730 2351 780 2387 21
800 2353 841 2386 et
861 2352 928 2389 23.
945 2347 1038 2389 Lib.
1641 2357 1650 2389 .’

294 2418 377 2460 111.
411 2418 663 2460 Conicorum
689 2416 921 2475 Apollonii)
952 2434 1040 2460 rec·
1059 2426 1104 2469 Α
1636 2404 1703 2469 {¹0⁴
1874 2413 1925 2464 B

292 2487 507 2544 tangulum
524 2486 560 2529 P
574 2486 617 2536 Q
632 2486 674 2528 K
690 2485 743 2528 ad
757 2488 1040 2544 rectangulum
1618 2500 1656 2520 -
1671 2470 1714 2512 K

297 2560 338 2601 A
356 2559 399 2608 Q
414 2559 451 2600 B
464 2559 507 2599 in
522 2557 617 2600 data
631 2556 802 2599 ratione.
818 2559 882 2613 (Ἰ)
917 2560 1000 2601 Sed
1015 2560 1058 2610 Q
1073 2561 1114 2603 K
1136 2570 1177 2603 et
1194 2562 1230 2604 P
1245 2563 1284 2604 R
1297 2563 1472 2618 aequales
1504 2573 1610 2615 sunt,
1626 2574 1767 2621 utpote
1780 2567 1999 2623 aequalium

298 2630 339 2672 O
362 2630 418 2680 K,
442 2629 483 2671 O
505 2630 555 2672 P,
578 2636 619 2670 et
639 2628 680 2670 O
698 2629 753 2678 Q,
778 2627 820 2671 O
835 2629 875 2670 R
895 2629 1150 2682 differentiae,
1169 2639 1210 2674 et
1220 2632 1317 2674 inde
1338 2634 1460 2675 etiam
1472 2637 1710 2693 rectangula
1731 2638 1767 2679 P
1781 2637 1823 2687 Q
1845 2637 1886 2679 K
1908 2645 1949 2679 et
2044 2646 2046 2648 '

299 2698 386 2747 PQ
398 2706 432 2739 Χ
448 2696 480 2736 Ρ
490 2696 530 2736 R
544 2693 718 2749 aequalia
731 2699 849 2741 sunt?
878 2707 1000 2756 atque
1012 2702 1107 2743 ideo
1119 2704 1402 2761 rectangulum
1426 2706 1462 2747 P
1479 2707 1521 2763 Q
1535 2716 1567 2749 ><
1583 2708 1617 2748 Ρ
1633 2709 1672 2749 R
1685 2717 1746 2749 est
1765 2708 1818 2750 ad
1841 2718 1999 2752 rectan-

299 2770 441 2826 gulum
457 2770 496 2811 A
511 2769 554 2819 Q
568 2769 618 2820 B,
640 2769 721 2812 hoc
733 2778 795 2812 est
807 2770 860 2811 ad
888 2772 1174 2829 rectangulum
1190 2774 1226 2816 P
1241 2775 1271 2816 S
1283 2783 1317 2817 ><
1332 2776 1367 2817 P
1384 2776 1425 2818 T
1436 2776 1478 2817 in
1494 2776 1589 2818 data
1602 2778 1771 2820 ratione.
1826 2779 1880 2830 Q.
1901 2795 1937 2823 e.
1958 2778 1999 2822 d.

343 2909 403 2950 (Υ)
428 2913 499 2942 Erit
528 2913 734 2951 rectangulnm
766 2914 796 2943 P
825 2914 849 2948 Q
872 2914 909 2943 K
927 2914 968 2943 ad
1006 2919 1126 2945 νει-παπ·
1171 2915 1384 2955 rectangulum
1413 2917 1547 2955 partium
1570 2918 1659 2948 lineae
1689 2919 1713 2948 A
1735 2920 1763 2950 Β
1779 2926 1815 2950 ut
1836 2926 1998 2962 rectangu-

297 2954 402 2989 gulam
436 2954 467 2982 A
487 2954 511 2986 Q
527 2956 558 2984 B
572 2956 603 2984 in
633 2953 704 2984 dat&
732 2956 857 2986 ratione.
919 2954 1034 2995 Liquet
1059 2957 1130 2997 (per
1170 2956 1237 2986 lum
1252 2958 1384 2996 partium
1395 2958 1484 2989 lineoe
1496 2960 1627 3000 cujusvis
1645 2961 1723 2991 alius
1737 2962 1999 2994 Parauaea-linea

302 2993 391 3042 Lem:
413 2994 482 3024 111.
504 2995 542 3025 de
561 2995 679 3035 Conic.)
702 2996 787 3036 quod
803 2997 829 3027 si
854 2996 936 3027 linea
959 2998 1074 3037 quaevis
1095 2998 1129 3028 in
1174 2999 1202 3029 P
1216 2999 1249 3029 K
1264 3006 1294 3029 et
1310 3000 1520 3031 adsectinnem
1539 3003 1717 3040 terminata»,
1735 3004 1772 3035 ad
1784 3005 1998 3046 rectangulum

305 3036 446 3066 Secuone
463 3037 578 3067 Conicz'i
591 3038 754 3069 terminata
766 3044 803 3069 ut
816 3039 844 3069 P
855 3039 888 3070 K
900 3046 980 3071 secet
989 3039 1079 3070 aliam
1091 3040 1130 3070 li-
1168 3042 1303 3080 panium
1317 3052 1393 3077 quas
1403 3044 1469 3074 haec
1483 3054 1562 3075 nova
1572 3045 1653 3076 linea
1667 3053 1747 3077 secat
1760 3047 1793 3077 in
1807 3047 1888 3078 line&
1904 3048 1935 3078 A
1947 3047 1989 3079 B:

303 3087 389 3108 neam
412 3077 503 3107 etiam
525 3078 556 3107 in
582 3080 721 3110 Sectione
739 3080 854 3111 Conicfi
883 3082 1075 3112 terminatam
1095 3088 1132 3113 ut
1172 3087 1241 3117 ideo
1276 3089 1462 3128 ubicumque
1501 3090 1539 3119 sit
1574 3099 1724 3128 punctum
1763 3092 1790 3123 P
1821 3095 1998 3134 rectangula

305 3121 336 3150 Δ
349 3119 386 3151 13.
412 3120 626 3161 rectangulum
649 3123 783 3160 partium
810 3123 899 3154 lineae
923 3124 950 3154 P
968 3124 999 3155 K
1015 3125 1071 3155 erit
1092 3120 1132 3155 a'd
1176 3129 1203 3161 P
1221 3130 1249 3164 Q
1270 3130 1302 3161 K
1318 3138 1347 3161 et
1368 3133 1394 3161 A
1415 3132 1447 3165 Q
1465 3132 1490 3161 13
1508 3139 1597 3162 crunt
1612 3133 1643 3163 in
1658 3134 1764 3164 effidem
1780 3134 1851 3165 datin
1866 3137 1994 3166 ratione.
2044 3130 2045 3133 ¹
