2158 3562
305 204 378 245 xvi
790 251 795 259 ,
1043 202 1348 248 EDIToms

361 316 458 358 Jam
475 314 581 358 illud
600 315 772 359 concedi
791 331 957 374 aequum
973 324 1048 369 est,
1080 317 1198 374 quod
1226 317 1529 366 mathematicis
1547 319 1778 363 ratiom’bus
1800 321 2026 380 ¹colligitur

304 396 345 431 et
364 389 590 432 cerfissime
610 390 916 433 demonstratur
926 407 939 442 ;
969 405 1146 448 corpora
1159 405 1311 446 nempe
1325 390 1478 442 omnia,
1499 406 1593 448 quae
1607 399 1826 440 moventur
1844 393 1891 436 in
1908 393 2021 438 linei

303 459 441 517 aliqua
461 460 588 503 curva
607 460 652 503 in
670 461 798 517 plano
817 462 1037 518 descripta,
1060 476 1236 519 quaeque
1254 462 1374 507 radio
1394 462 1520 509 ducto
1539 463 1595 505 ad
1615 472 1823 519 ,punctum
1841 465 1910 508 vel
1928 466 2021 522 qui-

303 546 446 575 escens
465 532 532 575 vel
555 541 780 590 utcumque
803 542 964 577 motum
993 533 1235 577 describunt
1254 548 1370 580 areas
1385 533 1496 577 circa
1504 542 1714 590 punctum
1733 536 1839 578 illud
1858 544 2023 592 tempo-

299 604 417 647 ribus
436 605 784 661 proportionales,
815 607 958 664 urgeri
987 622 1013 648 a
1049 606 1205 650 viribus
1239 622 1335 663 quae
1370 607 1424 652 ad
1453 607 1567 659 idem
1601 617 1802 664 punctum
1834 610 2020 658 tendent.

304 677 416 720 Cum
435 679 562 736 igitur
581 680 626 721 in
655 679 845 722 confesso
866 681 920 722 sit
948 679 1058 735 apud
1090 687 1364 731 astronomos,
1395 680 1583 736 planetas
1610 681 1828 737 primarios
1863 681 2022 726 circum

300 751 444 804 solem,
475 753 741 796 secundarios
760 753 863 796 vere
883 753 1042 795 circum
1062 768 1168 810 suos(
1181 753 1416 808 primarios,
1448 768 1564 796 areas
1594 753 1830 797 describere
1858 761 2021 810 tempo-

298 823 413 865 ribus
432 825 790 880 proportionales3
821 839 1083 881 consequens
1105 833 1167 867 est
1187 832 1233 867 ut
1252 823 1313 866 vis
1328 824 1414 875 illa,
1445 820 1527 880 qua
1546 824 1750 880 perpetue
1770 824 2022 882 detorqueri·
2086 840 2090 843 ¹

298 906 368 936 tur
388 910 414 936 a
432 896 700 953 tangentibus
721 896 943 939 rectilineis
964 903 1006 938 et
1025 895 1069 937 in
1089 895 1234 939 orbitis
1254 894 1490 937 curvilineis
1510 895 1668 937 revolvi
1687 904 1906 953 coguntur,
1928 911 2021 938 ver-

298 982 368 1008 sus
389 982 566 1023 corpora
584 968 788 1026 dirigatur
808 983 902 1025 quae
923 968 1002 1010 sita
1021 975 1118 1011 sunt
1136 969 1182 1009 in
1201 968 1431 1017 orbitarum
1450 968 1616 1010 centris.
1668 968 1781 1010 Haec
1799 969 1939 1026 itaque
1957 970 2021 1012 vis

296 1051 384 1079 non
395 1038 543 1094 inepte
563 1039 703 1080 vocari
717 1047 868 1095 potest,
885 1048 1078 1095 respectu
1097 1039 1266 1096 quidem
1280 1040 1473 1095 corporis
1482 1040 1744 1091 revolventis,
1763 1041 2020 1097 centripeta3

295 1117 649 1164 respectuautem
669 1110 856 1166 corporis
876 1110 1081 1161 centralis,
1113 1111 1354 1162 attractiva3
1385 1127 1411 1161 a
1430 1110 1678 1169 quacunque
1697 1109 1868 1153 demum
1898 1110 2022 1166 causa

297 1184 397 1225 oriri
416 1180 617 1241 fingatur.
1606 1176 1609 1178 ‚

354 1255 472 1305 Quin
492 1261 534 1296 et
552 1254 645 1296 haec
664 1268 829 1311 quoque
849 1253 1116 1295 concedenda
1135 1262 1244 1305 sunt,
1276 1263 1319 1297 et
1337 1253 1627 1304 mathematice
1653 1254 1993 1298 demonstrantur
2008 1288 2020 1300 .

298 1328 344 1371 Si
361 1333 538 1384 corpora
548 1328 671 1384 plura
684 1335 803 1369 motu
815 1326 1008 1384 aequabili
1020 1326 1285 1368 revolvantur
1296 1327 1340 1368 in
1353 1327 1517 1372 circulis
1533 1327 1818 1378 concentricis,
1836 1335 1878 1370 et
1889 1327 2022 1384 quad-

292 1408 436 1442 ratura
454 1408 692 1456 temporum
710 1399 1018 1455 periodicorum
1039 1399 1122 1440 sint
1136 1406 1182 1440 ut
1202 1399 1299 1441 cubi
1319 1399 1608 1445 distantiarum
1628 1415 1653 1441 a
1673 1408 1817 1451 centro
1833 1415 2021 1451 commu-

292 1472 363 1523 ni3
393 1472 501 1514 vires
522 1472 771 1527 centripetas
783 1470 1085 1515 revolventium
1096 1470 1185 1512 fore
1198 1470 1412 1526 reciproce
1432 1479 1480 1512 ut
1499 1471 1702 1527 quadrata
1717 1471 2019 1524 distantiarum.

293 1542 389 1593 Vel,
421 1543 457 1584 si
477 1557 655 1598 corpora
688 1542 954 1584 revolvantur
980 1541 1024 1583 in
1044 1541 1188 1583 orbitis
1208 1553 1303 1598 quae
1324 1549 1421 1583 sunt
1439 1541 1605 1584 circulis
1625 1542 1827 1594 finitimae,
1848 1551 1903 1594 ³et
1929 1544 2021 1600 qui-

293 1615 682 1656 escantorbitarum
711 1614 879 1670 apsides·
889 1630 900 1664 3
930 1614 1038 1655 vires
1071 1614 1321 1669 centripetas
1351 1614 1654 1657 revolventium
1673 1614 1772 1664 'fore
1801 1615 2018 1671 reciproce

295 1694 346 1728 ut
359 1686 561 1743 quadrata
575 1686 876 1728 distantiarum.
919 1685 1123 1731 Obtinere
1138 1700 1278 1727 casum
1294 1685 1539 1727 alterutrmn
1559 1687 1603 1729 in
1620 1686 1800 1742 planetis
1814 1688 2018 1731 universis

297 1760 564 1802 consentiunt
583 1758 824 1801 astronomi.
876 1758 1031 1814 Itaque
1050 1757 1158 1802 vires
1178 1758 1699 1813 centfipetaeplanetarum
1714 1759 1902 1811 omnium
1923 1768 2021 1802 sunt

293 1832 506 1888 reciproce
527 1840 574 1873 ut
594 1831 797 1887 quadrata
816 1830 1107 1872 distantiarum
1135 1830 1190 1871 ab
1219 1830 1386 1872 orbium
1416 1831 1582 1872 centris.
1644 1831 1690 1872 Si
1725 1832 1816 1889 quis
1852 1832 2020 1888 objiciat

290 1903 566 1959 planetarum,
599 1910 641 1943 et
655 1902 766 1943 lunae
784 1901 1030 1956 praesertim,
1062 1901 1227 1956 apsides
1246 1916 1332 1950 non
1351 1901 1518 1956 penites
1540 1902 1775 1958 quiescere3
1806 1903 1880 1945 sed
1899 1911 2018 1957 motu

291 1974 473 2031 quodam
495 1973 610 2015 lento
635 1971 735 2016 ferri
765 1972 810 2012 in
830 1972 1146 2028 consequentia:
1177 1972 1423 2028 responderi
1447 1981 1599 2028 potest,
1631 1974 1792 2018 etiamsi
1813 1975 2018 2018 conceda-

288 2062 382 2089 mus
411 2034 525 2088 hunc
558 2052 720 2087 motum
753 2044 1036 2087 tardissimum
1056 2043 1208 2087 exinde
1227 2045 1461 2100 profectum
1481 2061 1572 2087 esse
1591 2046 1706 2102 quod
1726 2047 1789 2090 vis
1810 2047 2018 2103 centripe-

289 2126 345 2160 tae
363 2117 581 2174 proportio
595 2116 762 2158 aberret
775 2115 1034 2173 aliquantum
1048 2131 1074 2157 a
1093 2116 1302 2172 duplicata
1315 2133 1327 2167 3
1339 2166 1346 2172 Ι
1358 2109 1664 2159 εὼθηάῖίοῃεῐῇ
1677 2118 1792 2159 illam
1803 2133 1882 2174 per
1901 2133 2017 2161 com-

287 2199 437 2247 putum
464 2189 805 2233 mathematicum
833 2190 1011 2233 inveniri
1039 2205 1164 2246 posse
1204 2199 1245 2233 et
1272 2191 1396 2246 plane
1436 2192 1719 2234 insensibilem
1749 2207 1850 2242 esse.
1913 2192 2016 2248 Ipsa

288 2264 400 2306 enim
419 2264 525 2306 ratio
560 2263 622 2306 vis
643 2264 887 2319 centripetae
917 2263 1088 2314 lunaris,
1121 2278 1215 2320 quae
1246 2264 1433 2305 omnium
1466 2263 1648 2305 maxime
1682 2263 1842 2315 turbari
1871 2256 2011 2322 debeft,

287 2337 504 2393 paululum
523 2337 694 2394 quidem
712 2336 967 2392 duplicatam
987 2336 1223 2392 superabit3
1255 2336 1309 2377 ad
1339 2336 1448 2378 hanc
1467 2350 1568 2384 vero
1598 2335 1814 2392 sexaginta
1841 2334 1929 2376 fere
1949 2334 2010 2377 vi-

288 2409 403 2450 cibus
425 2407 598 2464 propius
624 2407 794 2449 accedet
827 2407 952 2465 quem
981 2408 1036 2450 ad
1068 2408 1329 2463 triplicatam.
1392 2407 1476 2450 Sed
1510 2407 1648 2449 varior
1668 2407 1747 2448 erit
1777 2408 2009 2462 responsio,

289 2481 324 2522 si
343 2482 528 2522 dicamus
547 2481 656 2522 hanc
675 2481 867 2536 apsidum
893 2481 1242 2538 progressionem,
1279 2495 1365 2522 non
1385 2494 1439 2520 ex
1459 2479 1720 2521 aberratione
1738 2494 1765 2520 a
1799 2479 2010 2534 duplicata

286 2556 569 2611 proportione,
602 2554 676 2597 sed
691 2569 744 2595 ex
764 2555 843 2596 alia
863 2569 1036 2610 prorsus
1056 2551 1217 2594 diversa
1234 2551 1356 2593 cause
1373 2551 1486 2601 oriri,
1519 2550 1871 2607 quemadmodum
1890 2566 2009 2609 egre>-

287 2627 355 2685 gie
376 2634 723 2670 commonstratur
742 2627 786 2667 in
811 2627 891 2667 hac
919 2625 1195 2682 philosophia.
1257 2625 1404 2667 Restat
1424 2638 1524 2681 ergo
1554 2631 1602 2666 ut
1620 2624 1728 2667 vires
1749 2624 2004 2680 centripetae,

288 2699 437 2755 quibus
456 2699 635 2754 planetae
653 2697 843 2754 primarii
861 2697 1040 2738 tendunt
1058 2695 1202 2738 vermis
1223 2695 1354 2737 solem
1373 2702 1415 2736 et
1442 2695 1675 2737 secundarii
1694 2693 1838 2739 versus
1850 2695 2007 2752 prima-

287 2771 371 2813 rios
390 2786 500 2822 suos,
532 2773 614 2815 sint
632 2771 822 2814 accurate
842 2779 891 2813 ut
908 2771 1109 2828 quadrata
1129 2770 1416 2811 distantiarum
1431 2768 1657 2824 reciproce.

348 2843 418 2884 Ex
445 2842 495 2884 iis
516 2858 609 2899 quae
628 2844 830 2886 hactenus
851 2843 962 2885 dieta
982 2850 1090 2893 sunt,
1113 2849 1279 2883 constat
1292 2841 1479 2897 planetas
1498 2840 1543 2882 in
1565 2839 1711 2883 orbitis
1731 2839 1816 2882 suis
1835 2840 2006 2893 retineri

288 2930 366 2971 per
383 2916 468 2957 vim
499 2916 678 2973 aliquam
709 2918 754 2958 in
787 2918 899 2974 ipsos
919 2913 1123 2972 perpetue
1163 2922 1355 2972 agentem
1368 2929 1387 2955 ε·
1411 2920 1571 2958 constat
1609 2912 1693 2954 vim
1731 2911 1845 2959 illam
1879 2912 2003 2971 dingi

291 3003 453 3045 semper
472 2988 614 3032 verses
635 2991 863 3032 orbitarum
883 2996 1045 3032 centra:
1078 2995 1238 3029 constat
1256 2987 1379 3043 hujus
1400 2985 1622 3031 efficaciam
1641 2985 1785 3043 augeri
1803 2985 1848 3027 in
1867 3000 2003 3041 acces-
