2086 3542
743 161 759 169 u

240 248 296 288 42
597 246 1040 290 PHILOSOPHIAE
1071 246 1428 290 NATURALIS
1611 247 1806 298 [Axrou.
1825 246 1920 292 sin

227 365 290 399 tes
325 364 420 408 sunt
445 356 653 411 reciproce
681 365 728 399 ut
755 357 861 398 vires
887 357 1036 398 insitae:
1069 353 1116 411 (h
1134 356 1149 408 )
1170 356 1228 397 sic
1245 356 1289 397 in
1307 355 1518 398 movendis
1535 354 1814 397 instrumentis
1833 347 1922 398 me-

228 427 405 469 chanicis
439 427 601 483 agentia
619 427 728 468 idem
757 427 914 481 pollent
944 434 985 467 et
1004 425 1213 467 conatibus
1235 427 1446 468 contrariis
1479 441 1522 467 se
1541 427 1684 466 mutuo'
1705 424 1919 474 sustinent,

229 511 403 553 quorum
436 498 667 539 velocitates
699 497 924 538 secundum
957 496 1340 538 determinationem
1373 496 1522 538 virium
1559 495 1783 545 aesthnatae‚
1825 501 1922 536 sunt

228 566 434 622 reciproce
465 572 515 608 ‘ut
546 567 664 608 vires.
726 567 793 608 Sic
826 565 1010 621 pondera
1028 566 1291 621 aequipollent
1310 565 1364 606 ad
1382 564 1585 606 movenda
1601 564 1770 606 brachia
1787 563 1918 614 librae,

229 651 321 693 quae
351 636 560 678 oscillante
592 634 696 676 libra
717 643 812 676 sunt
839 634 1046 690 reciproce
1077 643 1123 675 ut
1142 649 1285 676 eorum
1303 635 1536 676 velocitates
1557 649 1719 676 sursum
1737 641 1780 675 et
1798 633 1919 674 deor-

230 720 336 747 sum:
367 705 448 747 hoc
481 714 543 747 est
579 705 775 759 pondera,
807 705 841 745 si
874 703 986 745 recte
1018 703 1244 745 ascendunt
1272 711 1314 744 et
1342 703 1607 754 descendunt,
1639 703 1921 759 aequipollent,

230 790 323 831 quae
356 786 451 829 sunt
483 773 689 829 reciproce
720 782 766 815 ut
798 782 1044 828 punctorum
1073 789 1098 814 a
1126 773 1273 828 quibus
1302 773 1606 827 suspenduntur
1635 772 1838 813 distantiae
1866 771 1920 812 ab

230 859 308 885 axe
335 844 469 894 librae3
505 844 568 885 sin
600 844 731 899 planis
752 842 926 899 obliquis
956 843 1093 884 aliisve
1122 842 1296 883 admotis
1317 842 1534 883 obstaculis
1553 842 1749 897 impedita
1779 832 1919 883 ascen-

209 920 211 922 '
231 914 335 955 dunt
352 914 417 956 vel
436 913 690 955 descendunt
708 912 883 968 oblique,
915 912 1189 968 aequipollent,
1212 927 1304 967 quae
1326 920 1420 953 sunt
1439 910 1646 966 reciproce
1665 919 1711 954 ut
1728 925 1921 953 ascensus

230 990 273 1025 et
302 983 534 1033 descensus,
566 982 763 1038 quatenus
793 982 888 1023 facti
922 981 1146 1023 secundum
1173 981 1529 1035 perpendiculum:
1560 980 1684 1037 idque
1712 981 1766 1022 ob
1785 981 1921 1023 deter-

230 1052 495 1093 minationem
528 1052 735 1107 gravitatis
764 1051 968 1093 deorsum.
1028 1051 1223 1094 Similiter
1251 1051 1294 1090 in
1313 1050 1496 1092 trochlea
1515 1066 1587 1092 seu
1604 1050 1841 1106 polyspasto
1859 1051 1921 1091 vis

231 1120 378 1163 manus
397 1121 538 1161 funem
557 1119 710 1161 directe
738 1121 949 1170 trahentis,
980 1135 1073 1176 quae
1093 1121 1145 1161 sit
1163 1120 1215 1160 ad
1234 1120 1396 1178 pondus
1416 1121 1481 1161 vel
1500 1119 1653 1161 directe
1672 1120 1738 1161 vel
1757 1117 1923 1176 oblique

232 1189 456 1232 ascendens
489 1196 536 1230 ut
568 1189 759 1230 velocitas
789 1204 980 1231 ascensus
1009 1189 1357 1244 perpendicularis
1393 1190 1446 1230 ad
1483 1189 1738 1231 velocitatem
1774 1204 1922 1231 manus

231 1259 372 1300 funem
409 1257 620 1308 trahentis,
652 1258 867 1299 sustinebit
902 1259 1078 1313 pondus.
1137 1259 1188 1300 In
1221 1258 1445 1315 horologiis
1474 1267 1516 1300 et
1545 1259 1741 1300 similibus
1770 1259 1922 1300 instru-

231 1328 391 1378 mentis,
423 1342 516 1383 quae
549 1341 603 1370 ex
631 1328 774 1370 rotulis
809 1328 1033 1369 commissis
1067 1335 1300 1370 constructa
1338 1335 1444 1378 sunt,
1484 1328 1590 1369 vires
1624 1329 1839 1370 contrariae
1867 1329 1922 1370 ad

231 1406 390 1444 motum
420 1397 647 1442 rotularum
679 1398 1004 1452 promovendum
1033 1405 1075 1439 et
1094 1397 1412 1457 impediendum,
1444 1396 1479 1439 si
1509 1405 1605 1438 sunt
1634 1397 1841 1453 reciproce
1873 1406 1922 1441 ut

231 1514 266 1538 to
279 1505 479 1537 manifestum
494 1511 540 1536 est
554 1506 705 1547 aequalem
714 1517 780 1537 esse
794 1507 889 1539 ferri
879 1518 913 1539 ιιι
927 1518 1053 1549 magne.
1095 1508 1132 1539 ce
1165 1514 1200 1539 ut
1220 1507 1298 1539 vires
1330 1506 1702 1539 absolutae...1)em
1705 1509 1835 1539 —Duae
1864 1519 1920 1549 po-

233 1555 297 1580 tem
311 1554 342 1579 et
356 1547 508 1599 magnetis
521 1547 554 1578 in
567 1548 686 1580 ferrum
700 1549 860 1580 actionem.
885 1551 1055 1581 Similiter

232 1591 259 1621 si
269 1590 337 1630 quis
347 1589 380 1619 in
391 1588 499 1628 cymba
508 1589 594 1630 aquis
605 1596 768 1621 annatante
777 1577 902 1632 positus,
915 1595 1055 1632 cymbam

233 1632 358 1663 alteram
367 1630 462 1662 libere
469 1630 641 1663 fluitantem
650 1642 707 1671 ope
716 1633 801 1663 funis
809 1635 918 1671 trahat,
925 1635 972 1665 vel
981 1645 1055 1665 con-

234 1681 268 1705 to
283 1673 381 1704 aliove
400 1673 605 1705 instrumento
618 1674 753 1713 repellat,
778 1677 917 1724 cymbae
908 1687 941 1706 ιιι
955 1683 1055 1716 partes

234 1715 400 1746 contrarias
411 1724 483 1745 cum
494 1715 605 1755 aequali
615 1715 718 1747 motus
726 1717 896 1756 quantitate
906 1718 1052 1755 ferentur,

234 1758 278 1788 ita
292 1763 328 1787 ut
343 1766 449 1787 earum
462 1756 635 1788 velocitates
649 1758 711 1789 sint
723 1759 757 1788 in
771 1759 889 1790 ratione
903 1760 1055 1800 reciproca

234 1798 416 1839 ponderum.

278 1839 327 1881 (h)
347 1844 413 1870 100.
441 1840 480 1870 In
500 1841 659 1871 movendis
681 1842 889 1874 instrumentis
902 1845 1056 1876 mechani-

235 1882 286 1917 cis,
310 1881 432 1922 agentia
451 1881 533 1911 idem
546 1882 663 1921 pollent
677 1889 707 1914 et
721 1886 880 1916 conatibus
900 1887 1057 1917 contrariis

235 1934 268 1956 se
290 1929 400 1955 mutuo
423 1923 582 1958 sustinent,
606 1935 738 1964 quorum
762 1927 935 1958 velocitates
949 1939 1057 1959 secun—

237 1964 314 1996 dum
327 1965 524 1996 directionem
546 1966 656 1997 virium
672 1967 828 1999 aestimatae
842 1976 914 2001 sunt
927 1971 1057 2010 recipro-

1095 1550 1208 1586 tentiae,
1231 1561 1295 1585 seu,
1325 1550 1408 1590 quod
1429 1549 1513 1580 idem
1540 1555 1593 1584 est,
1616 1549 1680 1580 duo
1704 1550 1839 1588 pondera
1862 1561 1921 1592 ope

1095 1592 1245 1622 machinae
1258 1591 1393 1633 cujusvis
1403 1591 1506 1622 datae
1496 1601 1530 1621 ιιι
1543 1601 1576 1621 se
1590 1591 1700 1622 mutui>
1714 1591 1757 1622 ita
1769 1597 1871 1633 agant,
1884 1599 1921 1624 ut

1095 1633 1218 1673 pondus
1242 1644 1342 1664 unum
1364 1632 1534 1663 secundum
1554 1633 1706 1672 propriam
1721 1634 1919 1665 directionem

1095 1675 1210 1705 moveri
1239 1681 1378 1715 nequeat,
1413 1675 1490 1714 quin
1516 1674 1638 1713 pondus
1661 1675 1793 1705 alterum
1814 1676 1921 1707 contre

1094 1717 1248 1756 propriam
1265 1717 1349 1746 illius
1371 1716 1568 1746 directionem
1588 1717 1702 1756 rapiat3
1725 1717 1750 1746 si
1764 1717 1832 1748 loco
1853 1728 1920 1749 ma-

1096 1759 1195 1789 chinae
1219 1758 1298 1788 datae
1322 1758 1522 1788 substituatur
1542 1758 1635 1788 vectis
1655 1759 1744 1798 cujus
1757 1758 1921 1800 longitudo

1096 1807 1127 1831 et
1149 1800 1366 1840 hypomoclion
1381 1799 1455 1830 talia
1468 1800 1538 1834 sint,
1562 1806 1598 1830 ut
1611 1799 1675 1831 duo
1689 1801 1825 1838 pondera
1834 1802 1918 1840 dam,

1097 1843 1190 1872 vectis
1213 1841 1452 1872 extremitatibus
1471 1851 1612 1880 appensa,
1639 1841 1746 1872 eadem
1767 1843 1920 1875 celeritate

1097 1894 1133 1914 ac
1147 1884 1181 1914 in
1193 1883 1335 1914 machina
1357 1883 1427 1914 data
1448 1893 1512 1913 sese
1525 1882 1636 1914 mutue
1649 1892 1800 1920 moveant,
1823 1885 1917 1916 iidem

1099 1932 1190 1957 erunt
1214 1926 1248 1955 in
1267 1931 1353 1955 vecte
1366 1931 1398 1956 et
1410 1924 1442 1956 in
1460 1923 1602 1956 machina
1613 1925 1685 1961 data
1699 1932 1827 1958 conatus
1840 1937 1918 1966 pon.

1100 1968 1210 1998 derum
1233 1968 1266 1997 in
1279 1977 1316 1998 se
1327 1968 1447 2005 mutue,
1471 1971 1578 2001 eadem
1592 1971 1727 2009 ipsorum
1741 1975 1917 2010 momenta3

1098 2010 1143 2040 vis
1157 2010 1241 2041 enim
1261 2011 1369 2041 eadem
1392 2011 1556 2051 requiritur
1579 2011 1619 2042 ad
1633 2012 1762 2042 eandem
1775 2010 1918 2044 velocita.

1097 2057 1162 2083 tem
1186 2052 1358 2083 secundum
1378 2053 1507 2083 eandem
1527 2053 1727 2083 directionem
1751 2054 1786 2084 in
1809 2054 1918 2086 iisdem

1098 2095 1276 2134 corporibus
1298 2094 1535 2134 producendam.
1583 2095 1694 2135 Itaque
1713 2095 1808 2126 vectis
1826 2096 1859 2127 D
1876 2097 1916 2132 E,

1090 2136 1292 2172 horizontalis‚
1315 2147 1389 2167 cum
1409 2137 1549 2176 appensis
1570 2137 1757 2176 ponderibus
1783 2138 1814 2168 A
1829 2144 1861 2168 et
1876 2139 1916 2174 Β,

1089 2184 1208 2210 rotetur
1221 2178 1302 2209 circa
1323 2178 1539 2218 hypomoclion
1557 2179 1592 2215 C,
1615 2185 1651 2208 ut
1665 2179 1757 2209 situm
1772 2179 1794 2209 d
1808 2189 1835 2215 e,
1857 2181 1915 2211 ob-

1089 2220 1195 2255 tineat,
1220 2226 1251 2251 et
1274 2220 1462 2259 producatur
1485 2220 1575 2250 filum
1599 2230 1618 2250 a
1635 2220 1666 2255 d,
1690 2230 1786 2261 usque
1810 2221 1850 2251 ad
1873 2221 1915 2260 F;

1090 2262 1215 2300 pondus
1249 2263 1287 2298 A,
1325 2262 1496 2292 secundum
1525 2262 1679 2302 propriam
1707 2262 1915 2300 directionem,

1091 2303 1242 2342 percurrit
1263 2304 1396 2343 spatium
1424 2303 1451 2334 F
1473 2303 1508 2341 ἀς
1532 2310 1563 2334 et
1586 2303 1708 2342 pondus
1738 2304 1776 2339 B,
1811 2304 1917 2336 contre

1091 2345 1245 2384 propriam
1270 2345 1468 2376 directionem
1489 2345 1596 2375 eodem
1618 2350 1754 2383 tempore
1766 2347 1917 2384 percurrit

1091 2387 1225 2426 spatium
1249 2387 1279 2418 G
1294 2397 1326 2425 e;
1347 2386 1484 2426 adeoque
1505 2387 1615 2416 horum
1638 2387 1811 2424 ponderum
1831 2388 1914 2420 velo-

1092 2429 1197 2459 citates
1221 2434 1293 2459 sunt
1317 2438 1435 2466 semper
1448 2434 1484 2458 ut
1497 2428 1594 2466 spatia
1614 2428 1640 2459 F
1654 2428 1683 2462 d.
1710 2429 1740 2459 G
1755 2439 1781 2467 e,
1805 2429 1915 2461 eodem

1086 2474 1228 2510 'tempore
1241 2479 1392 2509 percursa.
1439 2470 1639 2500 Momentum
1661 2470 1804 2509 penderit
1817 2481 1844 2507 a.
1867 2477 1915 2504 est

1079 2517 1129 2542 ,ιη
1149 2522 1167 2541 a
1190 2515 1223 2548 χ
1252 2511 1278 2541 F
1302 2511 1344 2548 C,
1365 2517 1560 2541 momentum
1582 2511 1725 2551 ponderis
1751 2514 1782 2550 b,
1805 2519 1851 2544 est
1877 2520 1915 2545 ut

1091 2554 1112 2583 b
1128 2557 1161 2589 Χ
1182 2553 1207 2583 C
1227 2553 1257 2583 G
1270 2554 1324 2594 (47
1338 2551 1362 2589 ).
1400 2552 1460 2583 Sed
1474 2554 1514 2583 ob
1528 2553 1761 2584 similitudinem

1090 2594 1246 2624 lorumF
1293 2593 1533 2633 CdeCG
1559 2595 1658 2626 FC
1677 2596 1916 2628 CG=Fd
1959 2624 1961 2626 .

1094 2636 1125 2666 G
1139 2645 1166 2665 e.
1214 2635 1300 2676 Ergo
1323 2642 1480 2666 momenta
1501 2636 1673 2675 ponderum
1697 2647 1716 2667 a
1739 2643 1771 2668 et
1790 2639 1818 2672 h,
1841 2645 1914 2670 sunt

1089 2677 1170 2707 inter
1192 2687 1224 2707 se
1246 2683 1283 2707 ut
1305 2682 1373 2715 ax
1394 2677 1464 2713 Fd,
1488 2678 1598 2715 etbx
1622 2679 1698 2716 Ge;
1720 2685 1914 2712 seusuntut

1089 2718 1170 2749 facta
1184 2728 1221 2748 ex
1247 2719 1432 2758 ponderibus
1451 2720 1486 2749 in
1506 2729 1562 2749 sua
1575 2719 1739 2759 respective
1752 2722 1849 2760 spatia
1861 2731 1914 2752 eo.

1089 2760 1161 2790 dem
1185 2767 1322 2799 tempore
1344 2771 1494 2800 percursa,
1519 2760 1656 2801 adeoque
1677 2762 1769 2792 etiam
1783 2769 1819 2793 ut
1832 2763 1914 2795 facta

1089 2811 1127 2831 ex
1155 2802 1342 2841 ponderibus
1369 2803 1403 2832 in
1425 2812 1495 2833 suas
1522 2802 1687 2841 respective
1721 2803 1913 2843 velocitatem

1088 2853 1182 2883 quare
1193 2843 1219 2873 si
1241 2843 1323 2874 facta
1343 2844 1397 2874 illa
1419 2844 1548 2884 aequalia
1567 2844 1636 2880 sint,
1659 2851 1714 2875 aut
1733 2845 1817 2885 quod
1829 2847 1915 2878 idem

1088 2891 1143 2920 est,
1167 2885 1191 2915 si
1217 2885 1353 2924 pondera
1373 2896 1428 2916 seu
1450 2886 1526 2916 vires
1540 2886 1602 2916 sint
1614 2886 1767 2926 reciproce
1781 2894 1818 2918 ut
1831 2887 1914 2920 velo—

1088 2926 1194 2957 citates
1218 2926 1390 2957 secundum
1413 2927 1593 2958 directiones
1613 2928 1724 2959 virium
1745 2929 1911 2967 aestimatae,

1089 2968 1148 2998 erit
1162 2968 1378 3015 aequilibrium.
1429 2969 1471 3004 Q.
1487 2979 1514 2999 e.
1533 2969 1563 3000 d.

1135 3013 1204 3040 101.
1227 3012 1331 3042 Coroll-
1364 3009 1446 3041 Cum
1461 3021 1497 3041 ex
1514 3012 1735 3049 demonstratis
1757 3018 1914 3044 momenta

1088 3049 1201 3082 virium
1226 3051 1287 3082 sint
1310 3061 1431 3092 semper
1453 3058 1489 3083 ut
1512 3052 1593 3085 facta
1617 3063 1655 3085 ex
1678 3055 1707 3086 vi
1733 3054 1867 3097 quelibet
1880 3056 1913 3086 in
