2086 3542
293 269 375 305 300

693 259 1142 303 PHILOSOPHIAE
1174 259 1534 303 NATURALIS

1631 261 1773 314 [Mor.
1798 264 1990 306 coama.

538 433 918 479 PROPOSITIO
949 433 1066 476 LIV.
1128 431 1476 478 PROBLEMA
1508 435 1732 478 XXXVI.

281 552 476 594 concessis
485 553 717 607 figurarum
736 551 1037 592 curvilinearum
1058 549 1326 603 quadraturis,
1347 551 1524 591 invenire
1542 556 1728 604 tempora,
1750 552 1887 606 quibus
1904 567 1990 594 cor-

326 637 434 678 pora
454 624 495 666 vi
513 622 687 678 qudlibet
704 619 921 674 centrz'petd
943 619 1117 660 intimis
1137 619 1418 673 quibuscunque
1436 623 1576 672 curvis,
1610 622 1654 662 in
1668 622 1794 676 plano
1804 637 1884 676 per
1902 637 1991 666 cen-

333 701 434 736 trum
454 696 594 736 vae‘rizem
614 698 839 737 transeunte
857 691 1074 744 descriptiS,
1097 691 1324 731 descendent
1343 697 1383 731 et
1401 693 1619 734 ascendent.

335 810 576 852 Descendat
595 823 745 864 corpus
765 808 817 850 de
837 808 930 850 loco
951 805 1094 862 quovis
1109 805 1152 855 S,
1169 819 1246 860 per
1265 804 1417 848 lineam
1432 807 1621 862 quamvis
1634 822 1802 851 curvam
1816 811 1847 852 S
1861 810 1904 852 T
1918 819 1935 852 t
1950 811 1991 852 R

277 881 465 935 mplano
484 895 560 935 per
579 880 727 921 virium
750 886 939 921 centrum
962 877 999 918 C
1018 883 1257 918 transeunte
1277 874 1429 917 datam.
1489 875 1517 919 J
1520 884 1696 934 ungatur
1719 879 1756 921 C
1777 880 1808 922 S
1826 889 1869 923 et
1887 881 1990 923 divi-

279 953 401 994 datur
422 952 568 994 eadem
587 952 631 993 in
650 960 788 1007 partes
809 951 1046 992 innumeras
1067 962 1123 988 ae-

282 1024 434 1081 quales,
467 1024 601 1080 sitque
625 1023 670 1067 D
691 1023 721 1066 d
749 1023 929 1078 partium
960 1021 1124 1061 illarum

278 1095 426 1152 aliqua„
490 1094 648 1136 Centro
681 1093 718 1136 C
746 1092 971 1135 intervallis
1006 1091 1043 1133 C
1064 1091 1122 1140 D,

283 1165 320 1207 C
341 1165 370 1206 d
404 1164 691 1207 describantur
723 1164 867 1206 circuli
901 1164 945 1206 D
966 1162 1020 1213 T,
1042 1161 1072 1203 d
1091 1169 1122 1214 t,

278 1236 400 1278 lineae
421 1250 559 1277 curvae
581 1236 611 1277 S
632 1235 674 1278 T
694 1243 711 1276 t
734 1235 773 1278 R
794 1240 1055 1276 occurrentes
1079 1232 1123 1274 in

278 1306 319 1348 T
339 1314 381 1349 et
401 1314 419 1348 t
481 1306 539 1349 Et
558 1320 612 1348 ex
626 1305 722 1348 dats
738 1313 827 1348 tum
846 1305 940 1362 lege
952 1304 1011 1346 vis
1026 1317 1123 1345 cen-

276 1377 455 1433 tripetae,
477 1384 567 1419 tum
596 1376 813 1418 altitudine
846 1375 882 1417 C
906 1376 936 1418 S
965 1375 1018 1417 de
1041 1373 1124 1431 qufi

277 1463 428 1504 corpus
445 1447 619 1498 cecidit3
641 1447 808 1490 dabitur
823 1447 1016 1489 velocitas
1033 1461 1125 1489 cor-

274 1523 387 1584 poris
406 1523 446 1567 in
479 1521 560 1566 alia
590 1522 738 1581 qufivis
765 1522 981 1566 altitudine
1013 1522 1050 1564 C
1081 1522 1122 1564 T

276 1604 368 1657 (per
392 1601 519 1655 Prop.
543 1597 791 1649 XXXIX.)
845 1595 888 1652 (¹)
936 1595 1122 1650 Tempus

275 1660 427 1723 eutem,
446 1686 529 1728 quo
545 1686 696 1726 corpus
712 1669 909 1712 describit
927 1668 1122 1711 lineolam

276 1744 318 1786 T
337 1753 367 1795 t,
390 1751 452 1786 est
473 1751 520 1785 ut
538 1742 704 1784 lineolae
734 1741 858 1797 hujus
887 1740 1119 1798 longitudo,

275 1814 317 1856 id
335 1823 410 1865 est,
426 1822 472 1856 ut
485 1828 628 1856 secans
645 1812 786 1869 anguli
807 1820 825 1853 t
838 1812 879 1854 T
893 1811 930 1853 C
943 1811 1096 1853 directe
1108 1828 1121 1863 ς

274 1894 316 1928 et
335 1885 527 1927 velocitas
557 1882 731 1926 inverse.
793 1882 996 1938 Tempori
1024 1882 1122 1924 huic

273 1955 594 2012 proportionalis
611 1955 664 1996 sit
677 1943 900 1996 ordinatim
915 1954 1121 2009 applicata

1214 971 1252 1016 Q

273 2028 318 2070 D
341 2028 383 2070 N
403 2027 457 2068 ad
477 2034 632 2069 rectam
654 2026 690 2067 C
714 2027 744 2069 S
762 2040 839 2082 per
858 2034 1060 2080 punctum
1090 2026 1135 2068 D
1164 2025 1534 2082 perpendicularis,
1571 2033 1614 2068 et
1646 2024 1702 2067 ob
1733 2024 1872 2067 datam
1893 2024 1937 2067 D
1953 2024 1980 2067 d

273 2099 351 2141 erit
370 2098 656 2155 rectangulum
676 2097 721 2141 D
741 2096 770 2139 d
798 2106 833 2140 Χ
859 2097 904 2140 D
927 2096 983 2148 N,
1005 2095 1086 2138 hoc
1106 2105 1170 2140 est
1188 2113 1285 2141 area
1305 2098 1349 2140 D
1371 2098 1414 2140 N
1433 2112 1463 2138 n
1482 2092 1525 2148 d,
1547 2096 1682 2139 eidem
1698 2096 1874 2152 tempori
1888 2110 1987 2151 pro-

272 2248 361 2269 arum
384 2249 420 2269 ac
441 2238 615 2280 figurarum
637 2240 780 2270 omnium
805 2239 1014 2271 oscillantium
1038 2250 1112 2271 een.

274 2288 356 2311 trum
372 2281 571 2313 oscillationis
586 2282 821 2319 determinatur,
838 2283 957 2322 primus
969 2284 1003 2313 in
1017 2284 1108 2313 horo-

274 2323 358 2364 logio
373 2324 559 2356 oscillatorio
573 2325 692 2356 invenit
705 2335 742 2356 ac
756 2325 980 2357 demonstravit
996 2326 1110 2367 Huge-

274 2366 354 2397 nius.
403 2367 494 2398 Idem
510 2370 667 2399 theorema
681 2378 739 2398 suo
754 2368 885 2409 quisque
899 2369 994 2399 modo
1005 2375 1111 2408 postea

274 2409 526 2441 demonstrarunt
555 2411 666 2441 fratres
695 2411 887 2442 celeberrimi
916 2411 1054 2443 Jacobus
1079 2417 1111 2442 et

275 2452 412 2484 Joannes
426 2453 599 2490 Bet-nonni,
615 2453 668 2483 ille
683 2453 715 2483 in
729 2453 818 2485 Actis
830 2453 1044 2493 Lipsiensibus
1057 2464 1109 2485 an.

279 2498 370 2526 1691.
395 2502 427 2526 et
445 2496 684 2527 Commentariis
702 2496 799 2527 Paris.
813 2507 863 2527 an.
883 2499 975 2528 1703.
1023 2489 1111 2540 Hi‘c

273 2536 346 2570 vero
362 2538 393 2569 in
412 2539 501 2570 Actis
517 2539 732 2579 Lipsiensibus
746 2545 778 2569 et
794 2539 1034 2570 Commentariis
1051 2539 1112 2570 Pa-

273 2581 323 2611 ris.
341 2591 391 2612 an.
413 2585 503 2613 1714.
528 2592 662 2623 quorum
678 2582 956 2613 demonstrationes
970 2582 1114 2622 exposuit

274 2624 385 2655 clariss.
395 2625 531 2656 Wolfius
546 2626 580 2656 iu
597 2624 770 2655 Elementis
787 2624 997 2655 Mechanices.
1025 2625 1111 2655 Her-

273 2677 408 2698 mannus
422 2678 546 2708 quoque
557 2667 609 2698 lib.
621 2666 668 2698 10.
686 2667 821 2698 Phoron.
833 2678 900 2707 cap.
916 2666 965 2699 50.
978 2673 1010 2698 et
1020 2667 1110 2697 initio

276 2710 369 2741 Tomi
383 2710 424 2741 3¹.
444 2709 543 2741 Acad.
565 2710 722 2750 Petropol.
741 2709 819 2741 duas
834 2709 974 2750 ejusdem
989 2711 1108 2743 theore-

275 2753 365 2784 matis
379 2753 656 2784 demonstrationes
670 2752 776 2784 edidit.

319 2805 491 2846 Hugenius
501 2805 655 2846 horologii
664 2804 841 2836 oscillatorii
853 2811 941 2845 parte
949 2804 997 2835 4³.
1015 2804 1108 2844 Prop.

275 2850 326 2876 22.
345 2846 523 2878 distantiam
537 2848 635 2878 centri
649 2847 849 2879 oscillationis
862 2859 882 2878 u
901 2853 1020 2888 puncto
1041 2857 1108 2878 sus-

275 2889 431 2927 pensionis
445 2890 477 2920 in
493 2891 611 2930 sphaerfi
626 2890 680 2921 filo
695 2890 782 2921 tenui
796 2889 944 2931 suspense
958 2890 1108 2930 equalem

275 2940 341 2961 esse
356 2931 473 2963 invenit
482 2933 673 2974 longitudini
683 2933 728 2963 fili
743 2943 817 2964 cum
827 2932 916 2964 radio
923 2933 1051 2972 sphaerae
1063 2939 1109 2963 ut-

275 2971 336 3012 que
351 2973 471 3005 duabus
485 2976 602 3015 quintis
617 2975 754 3016 partibus
769 2975 866 3006 tertiae
877 2974 1111 3015 proportionalis

276 3015 316 3045 ad
331 3015 442 3046 lineam
459 3018 659 3056 compositam
675 3029 712 3048 ex
727 3019 814 3049 radio
837 3019 963 3058 sphoerae
985 3027 1020 3048 ac
1042 3018 1111 3048 lon-

275 3057 417 3098 gitudine
433 3058 475 3088 lili
490 3066 521 3089 et
535 3061 656 3091 radium
679 3062 791 3100 ipsum,
814 3062 872 3091 hoc
894 3067 948 3095 cst,
973 3060 998 3090 si
1021 3060 1109 3091 filum

276 3100 395 3131 dicatur
405 3101 442 3137 L,
456 3102 559 3132 rudius
568 3103 694 3141 sphaerae
708 3104 748 3140 lt,
759 3103 902 3134 distantia
913 3103 1009 3134 centri
1019 3103 1109 3134 oscil-

1154 2241 1278 2273 lationis
1299 2252 1318 2272 a
1339 2247 1456 2282 puncto
1479 2240 1687 2281 suspensionis
1703 2241 1749 2280 D,
1771 2241 1829 2273 erit
1845 2241 1879 2273 D
1891 2254 1939 2274 =
1954 2241 1984 2273 L

1155 2309 1198 2353 Ἰ-
1215 2310 1248 2342 R
1264 2310 1307 2353 Ἰ-
1322 2341 1342 2368 5
1359 2337 1404 2379 (L
1417 2338 1460 2379 -Ι-
1477 2332 1537 2377 R)’

1153 2388 1218 2409 non
1233 2377 1306 2410 vero
1319 2378 1529 2411 demonstrate
1542 2379 1632 2410 nobis
1646 2378 1725 2415 licet,
1747 2387 1822 2409 cum
1841 2378 1890 2410 his
1906 2378 1984 2414 Pno-

1153 2422 1356 2461 positionibus
1371 2431 1434 2452 non
1449 2427 1555 2453 utatur
1571 2422 1676 2453 Autor
1689 2427 1801 2452 noster.

1198 2464 1238 2507 (¹)
1263 2467 1280 2485 ⁸
1310 2466 1442 2505 Tempus
1457 2471 1562 2498 autem
1582 2476 1642 2506 quo
1656 2475 1773 2505 corpus,
1787 2464 1844 2494 διο.
1879 2463 1984 2501 νΝηπ,

1156 2507 1186 2538 Τ
1200 2513 1222 2544 t,
1239 2512 1285 2538 est
1300 2507 1434 2546 spatium
1447 2516 1577 2538 nascens
1590 2506 1750 2538 velocitate
1759 2505 1907 2537 uniformi
1916 2505 1985 2537 des-

1154 2550 1299 2589 criptum,
1317 2555 1363 2580 est
1377 2555 1480 2580 autem
1496 2556 1620 2591 tempus
1633 2559 1697 2590 quo
1710 2549 1842 2588 spatium
1857 2546 1984 2590 aliquod

1155 2591 1347 2664 aequalbiliter
1358 2591 1549 2676 describitgig)
1557 2598 1593 2623 ut
1610 2591 1747 2666 {pungui
1769 2590 1984 2665 illugodifeote

1152 2641 1184 2665 et
1198 2645 1234 2664 ve
1248 2640 1342 2665 ocxtas
1356 2645 1475 2666 inverse
1552 2656 1560 2664 .
1638 2644 1689 2664 on·
1722 2643 1747 2664 sl
1762 2643 1818 2663 cen
1933 2643 1982 2664 n-

1151 2676 1204 2708 dio
1218 2677 1291 2708 dato
1310 2677 1340 2707 D
1356 2675 1388 2714 d,
1410 2677 1520 2718 aequali
1535 2676 1714 2708 differentia
1727 2682 1880 2707 rectarum
1896 2676 1927 2708 Τ
1942 2677 1980 2712 C,
2004 2677 2006 2681 ’

1151 2725 1164 2750 t
1182 2720 1208 2751 C
1223 2719 1357 2750 circulus
1371 2720 1501 2751 describi
1515 2719 1714 2759 intelligatur,
1731 2717 1789 2749 erit
1805 2718 1836 2749 T
1848 2724 1863 2749 t
1875 2728 1983 2750 secans

1150 2762 1260 2803 anguli
1274 2768 1287 2793 t
1303 2762 1332 2793 T
1350 2762 1387 2800 C,
1403 2761 1498 2803 quare
1511 2763 1552 2793 ob
1565 2761 1674 2792 datum
1695 2760 1817 2792 radium
1834 2760 1868 2792 D
1881 2760 1904 2792 d
1924 2761 1982 2797 erit

1151 2815 1272 2844 semper
1289 2805 1318 2836 T
1332 2810 1345 2835 t
1359 2811 1395 2835 ut
1409 2815 1514 2835 secans
1527 2813 1567 2835 an
1614 2803 1635 2833 li
1651 2810 1664 2834 t
1681 2804 1710 2834 Τ
1727 2804 1764 2838 C.
1787 2809 1880 2844 utque
1903 2801 1982 2835 adea

1149 2853 1273 2886 tempus
1285 2857 1350 2888 quo
1364 2846 1546 2878 desuibitur
1605 2852 1618 2876 t
1632 2846 1690 2876 erit
1703 2851 1740 2877 ut
1753 2845 1807 2877 iun
1821 2855 1926 2877 temno
1933 2844 1981 2877 di-

1150 2889 1232 2920 recte
1257 2895 1288 2920 et
1313 2889 1456 2920 velocitas
1480 2887 1607 2919 inverse.
1654 2888 1714 2919 Sed
1739 2887 1812 2919 dat&
1834 2894 1887 2919 tan
1910 2893 1981 2919 eme

1151 2934 1253 2963 curv'ae
1270 2932 1292 2964 S
1308 2932 1338 2962 Τ
1355 2932 1387 2962 R
1407 2931 1441 2962 in
1461 2938 1578 2971 puncto
1594 2931 1623 2962 T
1637 2931 1729 2962 detur
1748 2930 1856 2972 anguli
1924 2930 1955 2962 T
1967 2936 1982 2962 t

1151 2984 1278 3012 secans3
1301 2973 1385 3005 unde
1400 2974 1525 3004 dabitur
1543 2974 1575 3004 D
1594 2974 1624 3004 N
1647 2972 1882 3014 proportionali·
1901 2979 1980 3007 tm-

1152 3017 1219 3058 pori
1235 3026 1298 3058 quo
1312 3016 1493 3047 describitur
1509 3017 1538 3047 T
1552 3023 1573 3047 t.

1194 3062 1266 3091 4⁷9.
1295 3055 1486 3099 Eoemplu'm.
1516 3060 1665 3090 Centrum
1681 3058 1792 3089 virium
1810 3058 1846 3093 C,
1862 3058 1895 3088 in
1909 3057 1980 3088 inss-

1153 3103 1254 3133 nitum
1270 3103 1368 3139 abeat,
1385 3108 1421 3132 ut
1436 3102 1474 3132 sit
1486 3101 1531 3132 vis
1542 3102 1708 3140 centripeta
1719 3106 1869 3138 constans,
1881 3100 1980 3131 illius-

1579 2309 1640 2342 Sed
1648 2311 1716 2342 haec
1723 2310 1830 2342 omni.
1839 2291 1984 2348 indicite,
