<?xml version="1.0" encoding="UTF-8"?>
<!DOCTYPE html PUBLIC "-//W3C//DTD XHTML 1.0 Transitional//EN"
    "http://www.w3.org/TR/xhtml1/DTD/xhtml1-transitional.dtd">
<html xmlns="http://www.w3.org/1999/xhtml" xml:lang="en" lang="en">
 <head>
  <title>
</title>
<meta http-equiv="Content-Type" content="text/html;charset=utf-8" />
  <meta name='ocr-system' content='tesseract 3.04.00' />
  <meta name='ocr-capabilities' content='ocr_page ocr_carea ocr_par ocr_line ocrx_word'/>
</head>
<body>
  <div class='ocr_page' id='page_1' title='image "./philosophiaenatu01newtuoft_0409.png"; bbox 0 0 2086 3542; ppageno 0'>
   <div class='ocr_carea' id='block_1_1' title="bbox 148 257 1850 317">
    <p class='ocr_par' dir='ltr' id='par_1_1' title="bbox 148 257 1850 317">
     <span class='ocr_line' id='line_1_1' title="bbox 148 257 1850 317; baseline -0.001 -9"><span class='ocrx_word' id='word_1_1' title='bbox 148 265 299 309; x_wconf 68' lang='lat' dir='ltr'><strong>mez</strong></span> <span class='ocrx_word' id='word_1_2' title='bbox 322 266 537 317; x_wconf 57' lang='lat' dir='ltr'><strong>Firmus]</strong></span> <span class='ocrx_word' id='word_1_3' title='bbox 599 264 920 307; x_wconf 89' lang='lat' dir='ltr'>PRINCIPIA</span> <span class='ocrx_word' id='word_1_4' title='bbox 952 257 1445 308; x_wconf 89' lang='lat' dir='ltr'>MATHEMATICA.</span> <span class='ocrx_word' id='word_1_5' title='bbox 1769 271 1850 310; x_wconf 82' lang='lat'><strong>373</strong></span> 
     </span>
    </p>
   </div>
   <div class='ocr_carea' id='block_1_2' title="bbox 143 380 1850 510">
    <p class='ocr_par' dir='ltr' id='par_1_2' title="bbox 143 380 1850 510">
     <span class='ocr_line' id='line_1_2' title="bbox 143 380 1850 436; baseline 0 -12"><span class='ocrx_word' id='word_1_6' title='bbox 143 382 261 425; x_wconf 87' lang='lat' dir='ltr'><strong>nium</strong></span> <span class='ocrx_word' id='word_1_7' title='bbox 291 381 412 432; x_wconf 86' lang='lat' dir='ltr'><strong>vires,</strong></span> <span class='ocrx_word' id='word_1_8' title='bbox 446 381 491 422; x_wconf 87' lang='lat' dir='ltr'><strong>in</strong></span> <span class='ocrx_word' id='word_1_9' title='bbox 521 392 672 436; x_wconf 90' lang='lat' dir='ltr'><strong>corpus</strong></span> <span class='ocrx_word' id='word_1_10' title='bbox 695 380 730 422; x_wconf 90' lang='lat' dir='ltr'>P</span> <span class='ocrx_word' id='word_1_11' title='bbox 749 381 955 431; x_wconf 71' lang='lat' dir='ltr'><strong>exercitae,</strong></span> <span class='ocrx_word' id='word_1_12' title='bbox 991 389 1040 422; x_wconf 98' lang='grc' dir='ltr'><strong>ιιι</strong></span> <span class='ocrx_word' id='word_1_13' title='bbox 1069 394 1177 422; x_wconf 79' lang='lat' dir='ltr'><strong>areae</strong></span> <span class='ocrx_word' id='word_1_14' title='bbox 1206 395 1350 423; x_wconf 90' lang='lat' dir='ltr'><strong>omnes</strong></span> <span class='ocrx_word' id='word_1_15' title='bbox 1381 382 1428 425; x_wconf 92' lang='lat' dir='ltr'>D</span> <span class='ocrx_word' id='word_1_16' title='bbox 1458 381 1502 423; x_wconf 90' lang='lat' dir='ltr'>N</span> <span class='ocrx_word' id='word_1_17' title='bbox 1529 395 1560 423; x_wconf 91' lang='lat' dir='ltr'><strong>n</strong></span> <span class='ocrx_word' id='word_1_18' title='bbox 1587 381 1630 433; x_wconf 88' lang='lat' dir='ltr'><strong>d,</strong></span> <span class='ocrx_word' id='word_1_19' title='bbox 1663 381 1744 423; x_wconf 91' lang='lat' dir='ltr'><strong>hoc</strong></span> <span class='ocrx_word' id='word_1_20' title='bbox 1775 391 1850 434; x_wconf 88' lang='lat' dir='ltr'><strong>est,</strong></span> 
     </span>
     <span class='ocr_line' id='line_1_3' title="bbox 143 451 1226 510; baseline -0.003 -15"><span class='ocrx_word' id='word_1_21' title='bbox 143 453 321 510; x_wconf 83' lang='lat' dir='ltr'><strong>sphaerae</strong></span> <span class='ocrx_word' id='word_1_22' title='bbox 339 453 401 495; x_wconf 84' lang='lat' dir='ltr'><strong>vis</strong></span> <span class='ocrx_word' id='word_1_23' title='bbox 418 457 507 494; x_wconf 86' lang='lat' dir='ltr'><strong>tota</strong></span> <span class='ocrx_word' id='word_1_24' title='bbox 525 459 573 493; x_wconf 91' lang='lat' dir='ltr'><strong>ut</strong></span> <span class='ocrx_word' id='word_1_25' title='bbox 590 466 686 494; x_wconf 85' lang='lat' dir='ltr'><strong>area</strong></span> <span class='ocrx_word' id='word_1_26' title='bbox 704 459 792 493; x_wconf 86' lang='lat' dir='ltr'><strong>tota</strong></span> <span class='ocrx_word' id='word_1_27' title='bbox 811 453 853 493; x_wconf 94' lang='lat' dir='ltr'>A</span> <span class='ocrx_word' id='word_1_28' title='bbox 874 452 918 494; x_wconf 95' lang='lat' dir='ltr'>N</span> <span class='ocrx_word' id='word_1_29' title='bbox 938 451 989 494; x_wconf 93' lang='lat' dir='ltr'><strong>B.</strong></span> <span class='ocrx_word' id='word_1_30' title='bbox 1050 452 1106 502; x_wconf 84' lang='lat' dir='ltr'><strong>Q.</strong></span> <span class='ocrx_word' id='word_1_31' title='bbox 1127 466 1163 493; x_wconf 88' lang='lat' dir='ltr'><strong>e.</strong></span> <span class='ocrx_word' id='word_1_32' title='bbox 1183 451 1226 493; x_wconf 89' lang='lat' dir='ltr'><strong>d.</strong></span> 
     </span>
    </p>
   </div>
   <div class='ocr_carea' id='block_1_3' title="bbox 203 521 1852 579">
    <p class='ocr_par' dir='ltr' id='par_1_3' title="bbox 203 521 1852 579">
     <span class='ocr_line' id='line_1_4' title="bbox 203 521 1852 579; baseline 0 -14"><span class='ocrx_word' id='word_1_33' title='bbox 203 524 331 566; x_wconf 81' lang='lat' dir='ltr'><strong>Cor-ol.</strong></span> <span class='ocrx_word' id='word_1_34' title='bbox 355 529 391 565; x_wconf 93' lang='lat'><strong>1.</strong></span> <span class='ocrx_word' id='word_1_35' title='bbox 425 522 543 564; x_wconf 92' lang='lat' dir='ltr'><strong>Hinc</strong></span> <span class='ocrx_word' id='word_1_36' title='bbox 562 522 598 564; x_wconf 91' lang='lat' dir='ltr'><strong>si</strong></span> <span class='ocrx_word' id='word_1_37' title='bbox 615 522 677 564; x_wconf 88' lang='lat' dir='ltr'><strong>vis</strong></span> <span class='ocrx_word' id='word_1_38' title='bbox 697 522 937 577; x_wconf 83' lang='lat' dir='ltr'><strong>centripeta,</strong></span> <span class='ocrx_word' id='word_1_39' title='bbox 968 521 1022 564; x_wconf 86' lang='lat' dir='ltr'><strong>ad</strong></span> <span class='ocrx_word' id='word_1_40' title='bbox 1047 521 1270 577; x_wconf 84' lang='lat' dir='ltr'><strong>particulas</strong></span> <span class='ocrx_word' id='word_1_41' title='bbox 1290 522 1472 579; x_wconf 87' lang='lat' dir='ltr'><strong>singulas</strong></span> <span class='ocrx_word' id='word_1_42' title='bbox 1492 522 1678 573; x_wconf 85' lang='lat' dir='ltr'><strong>tendens,</strong></span> <span class='ocrx_word' id='word_1_43' title='bbox 1708 523 1852 565; x_wconf 87' lang='lat' dir='ltr'><strong>eadem</strong></span> 
     </span>
    </p>
   </div>
   <div class='ocr_carea' id='block_1_4' title="bbox 142 591 1854 700">
    <p class='ocr_par' dir='ltr' id='par_1_4' title="bbox 142 591 1854 700">
     <span class='ocr_line' id='line_1_5' title="bbox 142 591 1854 700; baseline -0.001 -21"><span class='ocrx_word' id='word_1_44' title='bbox 142 650 306 692; x_wconf 84' lang='lat' dir='ltr'>semper</span> <span class='ocrx_word' id='word_1_45' title='bbox 323 643 488 678; x_wconf 86' lang='lat' dir='ltr'><strong>maneat</strong></span> <span class='ocrx_word' id='word_1_46' title='bbox 506 635 550 677; x_wconf 91' lang='lat' dir='ltr'><strong>in</strong></span> <span class='ocrx_word' id='word_1_47' title='bbox 569 634 763 677; x_wconf 87' lang='lat' dir='ltr'><strong>omnibus</strong></span> <span class='ocrx_word' id='word_1_48' title='bbox 791 635 1009 686; x_wconf 80' lang='lat' dir='ltr'><strong>distantiis,</strong></span> <span class='ocrx_word' id='word_1_49' title='bbox 1040 642 1083 678; x_wconf 89' lang='lat' dir='ltr'><strong>et</strong></span> <span class='ocrx_word' id='word_1_50' title='bbox 1110 635 1184 678; x_wconf 86' lang='lat' dir='ltr'><strong>fiat</strong></span> <span class='ocrx_word' id='word_1_51' title='bbox 1202 634 1247 677; x_wconf 95' lang='lat' dir='ltr'>D</span> <span class='ocrx_word' id='word_1_52' title='bbox 1268 635 1312 677; x_wconf 90' lang='lat' dir='ltr'>N</span> <span class='ocrx_word' id='word_1_53' title='bbox 1331 642 1378 676; x_wconf 88' lang='lat' dir='ltr'><strong>ut</strong></span> <span class='ocrx_word' id='word_1_54' title='bbox 1404 592 1450 634; x_wconf 85' lang='lat' dir='ltr'>D</span> <span class='ocrx_word' id='word_1_55' title='bbox 1464 591 1542 700; x_wconf 54' lang='lat' dir='ltr'><strong>El}</strong></span> <span class='ocrx_word' id='word_1_56' title='bbox 1562 601 1602 700; x_wconf 63' lang='grc' dir='ltr'><strong>ἔ</strong></span> <span class='ocrx_word' id='word_1_57' title='bbox 1626 593 1664 634; x_wconf 84' lang='lat' dir='ltr'><strong>P</strong></span> <span class='ocrx_word' id='word_1_58' title='bbox 1681 593 1711 634; x_wconf 82' lang='lat' dir='ltr'>S</span> <span class='ocrx_word' id='word_1_59' title='bbox 1722 651 1736 685; x_wconf 84' lang='lat'><em>3</em></span> <span class='ocrx_word' id='word_1_60' title='bbox 1776 636 1854 677; x_wconf 87' lang='lat' dir='ltr'><strong>erit</strong></span> 
     </span>
    </p>
   </div>
   <div class='ocr_carea' id='block_1_5' title="bbox 1399 651 1704 658">
    <p class='ocr_par' dir='ltr' id='par_1_5' title="bbox 1399 651 1704 658">
     <span class='ocr_line' id='line_1_6' title="bbox 1399 651 1704 658; baseline 0 2884"><span class='ocrx_word' id='word_1_61' title='bbox 1399 651 1704 658; x_wconf 95' lang='lat' dir='ltr'><strong> </strong></span> 
     </span>
    </p>
   </div>
   <div class='ocr_carea' id='block_1_6' title="bbox 134 729 1850 860">
    <p class='ocr_par' dir='ltr' id='par_1_6' title="bbox 134 729 1850 860">
     <span class='ocr_line' id='line_1_7' title="bbox 134 729 1680 788; baseline -0.003 -13"><span class='ocrx_word' id='word_1_62' title='bbox 134 732 203 775; x_wconf 58' lang='lat' dir='ltr'><strong>vis</strong></span> <span class='ocrx_word' id='word_1_63' title='bbox 221 739 321 784; x_wconf 79' lang='lat' dir='ltr'><strong>tota,</strong></span> <span class='ocrx_word' id='word_1_64' title='bbox 344 731 425 788; x_wconf 72' lang='lat' dir='ltr'><strong>qufi</strong></span> <span class='ocrx_word' id='word_1_65' title='bbox 445 732 737 787; x_wconf 83' lang='lat' dir='ltr'><strong>corpusculum</strong></span> <span class='ocrx_word' id='word_1_66' title='bbox 756 747 782 773; x_wconf 89' lang='lat' dir='ltr'><strong>a</strong></span> <span class='ocrx_word' id='word_1_67' title='bbox 801 731 964 787; x_wconf 86' lang='lat' dir='ltr'><strong>sphaera</strong></span> <span class='ocrx_word' id='word_1_68' title='bbox 983 731 1214 782; x_wconf 87' lang='lat' dir='ltr'><strong>attrahitur,</strong></span> <span class='ocrx_word' id='word_1_69' title='bbox 1246 731 1299 787; x_wconf 56' lang='grc' dir='ltr'><strong>(ἃ)</strong></span> <span class='ocrx_word' id='word_1_70' title='bbox 1318 738 1367 773; x_wconf 83' lang='grc' dir='ltr'><strong>ιιι</strong></span> <span class='ocrx_word' id='word_1_71' title='bbox 1386 745 1482 772; x_wconf 74' lang='lat' dir='ltr'><strong>arca</strong></span> <span class='ocrx_word' id='word_1_72' title='bbox 1502 729 1543 771; x_wconf 94' lang='lat' dir='ltr'>A</span> <span class='ocrx_word' id='word_1_73' title='bbox 1564 729 1608 771; x_wconf 93' lang='lat' dir='ltr'>N</span> <span class='ocrx_word' id='word_1_74' title='bbox 1629 730 1680 772; x_wconf 89' lang='lat' dir='ltr'><strong>B.</strong></span> 
     </span>
     <span class='ocr_line' id='line_1_8' title="bbox 199 801 1850 860; baseline 0 -14"><span class='ocrx_word' id='word_1_75' title='bbox 199 805 329 846; x_wconf 87' lang='lat' dir='ltr'><em>Corol.</em></span> <span class='ocrx_word' id='word_1_76' title='bbox 351 809 393 845; x_wconf 78' lang='lat'><strong>2.</strong></span> <span class='ocrx_word' id='word_1_77' title='bbox 417 803 463 845; x_wconf 88' lang='lat' dir='ltr'><strong>Si</strong></span> <span class='ocrx_word' id='word_1_78' title='bbox 481 802 777 859; x_wconf 82' lang='lat' dir='ltr'><strong>particularum</strong></span> <span class='ocrx_word' id='word_1_79' title='bbox 797 804 858 845; x_wconf 88' lang='lat' dir='ltr'><strong>vis</strong></span> <span class='ocrx_word' id='word_1_80' title='bbox 879 803 1106 860; x_wconf 85' lang='lat' dir='ltr'><strong>centripeta</strong></span> <span class='ocrx_word' id='word_1_81' title='bbox 1135 804 1187 845; x_wconf 86' lang='lat' dir='ltr'><strong>sit</strong></span> <span class='ocrx_word' id='word_1_82' title='bbox 1215 801 1425 859; x_wconf 51' lang='lat' dir='ltr'><strong>reciproca</strong></span> <span class='ocrx_word' id='word_1_83' title='bbox 1456 810 1504 844; x_wconf 89' lang='lat' dir='ltr'><strong>ut</strong></span> <span class='ocrx_word' id='word_1_84' title='bbox 1533 801 1727 845; x_wconf 82' lang='lat' dir='ltr'><strong>distantia</strong></span> <span class='ocrx_word' id='word_1_85' title='bbox 1760 819 1850 846; x_wconf 90' lang='lat' dir='ltr'><strong>cor·</strong></span> 
     </span>
    </p>
   </div>
   <div class='ocr_carea' id='block_1_7' title="bbox 138 874 1850 999">
    <p class='ocr_par' dir='ltr' id='par_1_7' title="bbox 138 874 1850 999">
     <span class='ocr_line' id='line_1_9' title="bbox 138 874 1850 999; baseline -0.002 -40"><span class='ocrx_word' id='word_1_86' title='bbox 138 917 302 974; x_wconf 85' lang='lat' dir='ltr'><strong>pusculi</strong></span> <span class='ocrx_word' id='word_1_87' title='bbox 321 932 347 959; x_wconf 87' lang='lat' dir='ltr'><strong>a</strong></span> <span class='ocrx_word' id='word_1_88' title='bbox 366 932 410 959; x_wconf 89' lang='lat' dir='ltr'><strong>se</strong></span> <span class='ocrx_word' id='word_1_89' title='bbox 429 917 604 968; x_wconf 84' lang='lat' dir='ltr'><strong>attracti,</strong></span> <span class='ocrx_word' id='word_1_90' title='bbox 626 924 669 959; x_wconf 90' lang='lat' dir='ltr'><strong>et</strong></span> <span class='ocrx_word' id='word_1_91' title='bbox 686 917 760 959; x_wconf 90' lang='lat' dir='ltr'><strong>fiat</strong></span> <span class='ocrx_word' id='word_1_92' title='bbox 790 917 839 972; x_wconf 72' lang='lat'><strong>(⁶)</strong></span> <span class='ocrx_word' id='word_1_93' title='bbox 871 917 916 959; x_wconf 94' lang='lat' dir='ltr'>D</span> <span class='ocrx_word' id='word_1_94' title='bbox 938 916 982 959; x_wconf 94' lang='lat' dir='ltr'>N</span> <span class='ocrx_word' id='word_1_95' title='bbox 1001 925 1048 959; x_wconf 92' lang='lat' dir='ltr'><strong>ut</strong></span> <span class='ocrx_word' id='word_1_96' title='bbox 1066 875 1111 917; x_wconf 86' lang='lat' dir='ltr'>D</span> <span class='ocrx_word' id='word_1_97' title='bbox 1133 875 1344 999; x_wconf 66' lang='lat' dir='ltr'>EPqEXqP</span> <span class='ocrx_word' id='word_1_98' title='bbox 1366 874 1422 967; x_wconf 91' lang='lat' dir='ltr'><strong>S;</strong></span> <span class='ocrx_word' id='word_1_99' title='bbox 1453 916 1532 959; x_wconf 88' lang='lat' dir='ltr'><strong>erit</strong></span> <span class='ocrx_word' id='word_1_100' title='bbox 1550 916 1626 967; x_wconf 86' lang='lat' dir='ltr'><strong>vis,</strong></span> <span class='ocrx_word' id='word_1_101' title='bbox 1657 915 1738 973; x_wconf 63' lang='lat' dir='ltr'><strong>qua</strong></span> <span class='ocrx_word' id='word_1_102' title='bbox 1759 901 1850 959; x_wconf 71' lang='lat' dir='ltr'><strong>ccr-</strong></span> 
     </span>
    </p>
   </div>
   <div class='ocr_carea' id='block_1_8' title="bbox 1065 932 1389 941">
    <p class='ocr_par' dir='ltr' id='par_1_8' title="bbox 1065 932 1389 941">
     <span class='ocr_line' id='line_1_10' title="bbox 1065 932 1389 941; baseline 0 0"><span class='ocrx_word' id='word_1_103' title='bbox 1065 932 1389 941; x_wconf 95' lang='lat' dir='ltr'><strong> </strong></span> 
     </span>
    </p>
   </div>
   <div class='ocr_carea' id='block_1_9' title="bbox 48 1005 1390 1068">
    <p class='ocr_par' dir='ltr' id='par_1_9' title="bbox 48 1005 1390 1068">
     <span class='ocr_line' id='line_1_11' title="bbox 48 1005 1390 1068; baseline 0 -14"><span class='ocrx_word' id='word_1_104' title='bbox 48 1005 54 1011; x_wconf 63' lang='lat'>&#39;</span> <span class='ocrx_word' id='word_1_105' title='bbox 138 1012 359 1068; x_wconf 84' lang='lat' dir='ltr'><strong>pusculum</strong></span> <span class='ocrx_word' id='word_1_106' title='bbox 381 1011 417 1053; x_wconf 93' lang='lat' dir='ltr'><strong>P</strong></span> <span class='ocrx_word' id='word_1_107' title='bbox 436 1027 462 1053; x_wconf 89' lang='lat' dir='ltr'><strong>a</strong></span> <span class='ocrx_word' id='word_1_108' title='bbox 481 1011 643 1067; x_wconf 73' lang='lat' dir='ltr'><strong>sphaerfi</strong></span> <span class='ocrx_word' id='word_1_109' title='bbox 663 1011 751 1054; x_wconf 65' lang='lat' dir='ltr'><strong>tota&#39;i</strong></span> <span class='ocrx_word' id='word_1_110' title='bbox 771 1011 1004 1064; x_wconf 83' lang='lat' dir='ltr'><strong>attrahitur,</strong></span> <span class='ocrx_word' id='word_1_111' title='bbox 1026 1021 1074 1054; x_wconf 91' lang='lat' dir='ltr'><strong>ut</strong></span> <span class='ocrx_word' id='word_1_112' title='bbox 1095 1028 1191 1054; x_wconf 86' lang='lat' dir='ltr'><strong>area</strong></span> <span class='ocrx_word' id='word_1_113' title='bbox 1212 1013 1251 1054; x_wconf 95' lang='lat' dir='ltr'>A</span> <span class='ocrx_word' id='word_1_114' title='bbox 1274 1013 1318 1054; x_wconf 95' lang='lat' dir='ltr'>N</span> <span class='ocrx_word' id='word_1_115' title='bbox 1338 1013 1390 1055; x_wconf 90' lang='lat' dir='ltr'><strong>B.</strong></span> 
     </span>
    </p>
   </div>
   <div class='ocr_carea' id='block_1_10' title="bbox 0 2266 28 3542">
    <p class='ocr_par' dir='ltr' id='par_1_10' title="bbox 0 2266 28 3542">
     <span class='ocr_line' id='line_1_12' title="bbox 0 2266 28 3542; baseline 0 0"><span class='ocrx_word' id='word_1_116' title='bbox 0 2266 28 3542; x_wconf 95' lang='lat' dir='ltr'><strong> </strong></span> 
     </span>
    </p>
   </div>
   <div class='ocr_carea' id='block_1_11' title="bbox 198 1086 1849 1144">
    <p class='ocr_par' dir='ltr' id='par_1_11' title="bbox 198 1086 1849 1144">
     <span class='ocr_line' id='line_1_13' title="bbox 198 1086 1849 1144; baseline -0.001 -15"><span class='ocrx_word' id='word_1_117' title='bbox 198 1088 328 1130; x_wconf 87' lang='lat' dir='ltr'><em>Corol.</em></span> <span class='ocrx_word' id='word_1_118' title='bbox 352 1095 391 1130; x_wconf 82' lang='lat'><strong>3.</strong></span> <span class='ocrx_word' id='word_1_119' title='bbox 425 1088 469 1131; x_wconf 86' lang='lat' dir='ltr'><strong>Si</strong></span> <span class='ocrx_word' id='word_1_120' title='bbox 489 1087 783 1144; x_wconf 84' lang='lat' dir='ltr'><strong>particularum</strong></span> <span class='ocrx_word' id='word_1_121' title='bbox 803 1087 863 1128; x_wconf 86' lang='lat' dir='ltr'><strong>vis</strong></span> <span class='ocrx_word' id='word_1_122' title='bbox 883 1087 1111 1143; x_wconf 85' lang='lat' dir='ltr'><strong>centripeta</strong></span> <span class='ocrx_word' id='word_1_123' title='bbox 1131 1088 1184 1129; x_wconf 88' lang='lat' dir='ltr'><strong>sit</strong></span> <span class='ocrx_word' id='word_1_124' title='bbox 1202 1086 1412 1142; x_wconf 60' lang='lat' dir='ltr'><strong>reciproce}</strong></span> <span class='ocrx_word' id='word_1_125' title='bbox 1432 1094 1479 1128; x_wconf 90' lang='lat' dir='ltr'><strong>ut</strong></span> <span class='ocrx_word' id='word_1_126' title='bbox 1498 1087 1626 1128; x_wconf 91' lang='lat' dir='ltr'><strong>cubus</strong></span> <span class='ocrx_word' id='word_1_127' title='bbox 1646 1086 1849 1128; x_wconf 71' lang='lat' dir='ltr'><strong>distantiae</strong></span> 
     </span>
    </p>
   </div>
   <div class='ocr_carea' id='block_1_12' title="bbox 139 1160 1849 1284">
    <p class='ocr_par' dir='ltr' id='par_1_12' title="bbox 139 1160 1849 1284">
     <span class='ocr_line' id='line_1_14' title="bbox 139 1160 1849 1284; baseline -0.001 -39"><span class='ocrx_word' id='word_1_128' title='bbox 139 1182 372 1259; x_wconf 89' lang='lat' dir='ltr'><strong>corpusculi</strong></span> <span class='ocrx_word' id='word_1_129' title='bbox 392 1219 418 1245; x_wconf 86' lang='lat' dir='ltr'><strong>a</strong></span> <span class='ocrx_word' id='word_1_130' title='bbox 436 1219 480 1245; x_wconf 76' lang='lat' dir='ltr'><strong>se</strong></span> <span class='ocrx_word' id='word_1_131' title='bbox 500 1203 677 1255; x_wconf 85' lang='lat' dir='ltr'><strong>attracti,</strong></span> <span class='ocrx_word' id='word_1_132' title='bbox 700 1211 742 1245; x_wconf 83' lang='lat' dir='ltr'><strong>et</strong></span> <span class='ocrx_word' id='word_1_133' title='bbox 761 1203 834 1245; x_wconf 88' lang='lat' dir='ltr'><strong>fiat</strong></span> <span class='ocrx_word' id='word_1_134' title='bbox 854 1203 899 1246; x_wconf 96' lang='lat' dir='ltr'><strong>D</strong></span> <span class='ocrx_word' id='word_1_135' title='bbox 920 1202 963 1245; x_wconf 91' lang='lat' dir='ltr'>N</span> <span class='ocrx_word' id='word_1_136' title='bbox 983 1211 1030 1245; x_wconf 87' lang='lat' dir='ltr'><strong>ut</strong></span> <span class='ocrx_word' id='word_1_137' title='bbox 1044 1160 1088 1202; x_wconf 85' lang='lat' dir='ltr'>D</span> <span class='ocrx_word' id='word_1_138' title='bbox 1111 1161 1152 1269; x_wconf 55' lang='grc' dir='ltr'>ξ</span> <span class='ocrx_word' id='word_1_139' title='bbox 1169 1169 1258 1284; x_wconf 53' lang='grc' dir='ltr'><strong>(ἑξ</strong></span> <span class='ocrx_word' id='word_1_140' title='bbox 1279 1161 1322 1283; x_wconf 62' lang='grc' dir='ltr'><em>ξ</em></span> <span class='ocrx_word' id='word_1_141' title='bbox 1343 1161 1374 1203; x_wconf 81' lang='lat' dir='ltr'>S</span> <span class='ocrx_word' id='word_1_142' title='bbox 1386 1218 1398 1252; x_wconf 91' lang='lat'>;</span> <span class='ocrx_word' id='word_1_143' title='bbox 1434 1202 1510 1244; x_wconf 90' lang='lat' dir='ltr'><strong>erit</strong></span> <span class='ocrx_word' id='word_1_144' title='bbox 1538 1202 1613 1253; x_wconf 84' lang='lat' dir='ltr'><strong>vis,</strong></span> <span class='ocrx_word' id='word_1_145' title='bbox 1644 1201 1724 1258; x_wconf 66' lang='lat' dir='ltr'><strong>qua</strong></span> <span class='ocrx_word' id='word_1_146' title='bbox 1756 1216 1849 1243; x_wconf 88' lang='lat' dir='ltr'><strong>cor-</strong></span> 
     </span>
    </p>
   </div>
   <div class='ocr_carea' id='block_1_13' title="bbox 1042 1217 1365 1227">
    <p class='ocr_par' dir='ltr' id='par_1_13' title="bbox 1042 1217 1365 1227">
     <span class='ocr_line' id='line_1_15' title="bbox 1042 1217 1365 1227; baseline 0 0"><span class='ocrx_word' id='word_1_147' title='bbox 1042 1217 1365 1227; x_wconf 95' lang='lat' dir='ltr'><strong> </strong></span> 
     </span>
    </p>
   </div>
   <div class='ocr_carea' id='block_1_14' title="bbox 136 1294 1848 1500">
    <p class='ocr_par' dir='ltr' id='par_1_14' title="bbox 136 1294 1848 1500">
     <span class='ocr_line' id='line_1_16' title="bbox 137 1294 1327 1357; baseline -0.001 -14"><span class='ocrx_word' id='word_1_148' title='bbox 137 1294 358 1357; x_wconf 82' lang='lat' dir='ltr'><strong>pusculum</strong></span> <span class='ocrx_word' id='word_1_149' title='bbox 377 1318 403 1343; x_wconf 88' lang='lat' dir='ltr'><strong>a</strong></span> <span class='ocrx_word' id='word_1_150' title='bbox 422 1301 508 1344; x_wconf 63' lang='lat' dir='ltr'><strong>tota</strong></span> <span class='ocrx_word' id='word_1_151' title='bbox 529 1301 692 1356; x_wconf 65' lang='lat' dir='ltr'><strong>sphaera</strong></span> <span class='ocrx_word' id='word_1_152' title='bbox 712 1301 944 1352; x_wconf 86' lang='lat' dir='ltr'><strong>attrahitur,</strong></span> <span class='ocrx_word' id='word_1_153' title='bbox 967 1309 1013 1343; x_wconf 89' lang='lat' dir='ltr'><strong>ut</strong></span> <span class='ocrx_word' id='word_1_154' title='bbox 1032 1314 1126 1342; x_wconf 83' lang='lat' dir='ltr'><strong>area</strong></span> <span class='ocrx_word' id='word_1_155' title='bbox 1148 1300 1189 1342; x_wconf 93' lang='lat' dir='ltr'>A</span> <span class='ocrx_word' id='word_1_156' title='bbox 1210 1300 1254 1342; x_wconf 92' lang='lat' dir='ltr'>N</span> <span class='ocrx_word' id='word_1_157' title='bbox 1276 1299 1327 1342; x_wconf 89' lang='lat' dir='ltr'><strong>B.</strong></span> 
     </span>
     <span class='ocr_line' id='line_1_17' title="bbox 198 1371 1848 1429; baseline -0.001 -14"><span class='ocrx_word' id='word_1_158' title='bbox 198 1374 326 1415; x_wconf 83' lang='lat' dir='ltr'><strong>Corol.</strong></span> <span class='ocrx_word' id='word_1_159' title='bbox 349 1381 388 1416; x_wconf 81' lang='lat'><strong>4.</strong></span> <span class='ocrx_word' id='word_1_160' title='bbox 421 1374 477 1415; x_wconf 90' lang='lat' dir='ltr'><strong>Et</strong></span> <span class='ocrx_word' id='word_1_161' title='bbox 496 1374 781 1416; x_wconf 75' lang='lat' dir='ltr'><strong>universaliter</strong></span> <span class='ocrx_word' id='word_1_162' title='bbox 796 1374 830 1414; x_wconf 92' lang='lat' dir='ltr'><strong>si</strong></span> <span class='ocrx_word' id='word_1_163' title='bbox 848 1374 909 1416; x_wconf 87' lang='lat' dir='ltr'><strong>vis</strong></span> <span class='ocrx_word' id='word_1_164' title='bbox 930 1373 1156 1428; x_wconf 84' lang='lat' dir='ltr'><strong>centripeta</strong></span> <span class='ocrx_word' id='word_1_165' title='bbox 1175 1372 1227 1414; x_wconf 87' lang='lat' dir='ltr'><strong>ad</strong></span> <span class='ocrx_word' id='word_1_166' title='bbox 1244 1371 1425 1429; x_wconf 85' lang='lat' dir='ltr'><strong>singulas</strong></span> <span class='ocrx_word' id='word_1_167' title='bbox 1441 1372 1615 1428; x_wconf 85' lang='lat' dir='ltr'><strong>sphaerae</strong></span> <span class='ocrx_word' id='word_1_168' title='bbox 1626 1373 1848 1428; x_wconf 81' lang='lat' dir='ltr'><strong>particulas</strong></span> 
     </span>
     <span class='ocr_line' id='line_1_18' title="bbox 136 1436 1848 1500; baseline -0.002 -13"><span class='ocrx_word' id='word_1_169' title='bbox 136 1436 312 1487; x_wconf 85' lang='lat' dir='ltr'><strong>tendens</strong></span> <span class='ocrx_word' id='word_1_170' title='bbox 346 1452 525 1500; x_wconf 86' lang='lat' dir='ltr'><strong>ponatur</strong></span> <span class='ocrx_word' id='word_1_171' title='bbox 556 1459 647 1486; x_wconf 84' lang='lat' dir='ltr'><strong>esse</strong></span> <span class='ocrx_word' id='word_1_172' title='bbox 679 1443 891 1499; x_wconf 65' lang='lat' dir='ltr'><strong>reciproce}</strong></span> <span class='ocrx_word' id='word_1_173' title='bbox 931 1451 978 1485; x_wconf 91' lang='lat' dir='ltr'><strong>ut</strong></span> <span class='ocrx_word' id='word_1_174' title='bbox 1016 1443 1220 1500; x_wconf 86' lang='lat' dir='ltr'><strong>quantitas</strong></span> <span class='ocrx_word' id='word_1_175' title='bbox 1259 1443 1313 1494; x_wconf 95' lang='lat' dir='ltr'><strong>V,</strong></span> <span class='ocrx_word' id='word_1_176' title='bbox 1354 1443 1426 1484; x_wconf 87' lang='lat' dir='ltr'><strong>fiat</strong></span> <span class='ocrx_word' id='word_1_177' title='bbox 1464 1450 1602 1485; x_wconf 82' lang='lat' dir='ltr'><strong>autem</strong></span> <span class='ocrx_word' id='word_1_178' title='bbox 1640 1443 1686 1486; x_wconf 95' lang='lat' dir='ltr'>D</span> <span class='ocrx_word' id='word_1_179' title='bbox 1720 1443 1765 1485; x_wconf 94' lang='lat' dir='ltr'>N</span> <span class='ocrx_word' id='word_1_180' title='bbox 1801 1452 1848 1485; x_wconf 90' lang='lat' dir='ltr'><strong>ut</strong></span> 
     </span>
    </p>
   </div>
   <div class='ocr_carea' id='block_1_15' title="bbox 92 1515 1846 1627">
    <p class='ocr_par' dir='ltr' id='par_1_15' title="bbox 92 1515 1846 1627">
     <span class='ocr_line' id='line_1_19' title="bbox 92 1515 1846 1627; baseline -0.006 -19"><span class='ocrx_word' id='word_1_181' title='bbox 92 1567 94 1570; x_wconf 78' lang='grc'><strong>’</strong></span> <span class='ocrx_word' id='word_1_182' title='bbox 138 1515 182 1557; x_wconf 84' lang='lat' dir='ltr'>D</span> <span class='ocrx_word' id='word_1_183' title='bbox 187 1516 289 1624; x_wconf 59' lang='grc' dir='ltr'><strong>ΡΕῙΞ]</strong></span> <span class='ocrx_word' id='word_1_184' title='bbox 310 1517 460 1627; x_wconf 44' lang='grc' dir='ltr'><strong>ἔξὲ</strong></span> <span class='ocrx_word' id='word_1_185' title='bbox 472 1575 485 1609; x_wconf 91' lang='lat'>;</span> <span class='ocrx_word' id='word_1_186' title='bbox 515 1559 594 1600; x_wconf 89' lang='lat' dir='ltr'><strong>erit</strong></span> <span class='ocrx_word' id='word_1_187' title='bbox 624 1559 699 1610; x_wconf 86' lang='lat' dir='ltr'><strong>vis,</strong></span> <span class='ocrx_word' id='word_1_188' title='bbox 733 1558 814 1614; x_wconf 70' lang='lat' dir='ltr'><strong>qua</strong></span> <span class='ocrx_word' id='word_1_189' title='bbox 847 1558 1138 1613; x_wconf 75' lang='lat' dir='ltr'><strong>corpuscuium</strong></span> <span class='ocrx_word' id='word_1_190' title='bbox 1170 1573 1195 1599; x_wconf 86' lang='lat' dir='ltr'><strong>a</strong></span> <span class='ocrx_word' id='word_1_191' title='bbox 1226 1557 1390 1613; x_wconf 69' lang='lat' dir='ltr'><strong>sphaerfi</strong></span> <span class='ocrx_word' id='word_1_192' title='bbox 1421 1556 1506 1599; x_wconf 64' lang='lat' dir='ltr'><strong>tota</strong></span> <span class='ocrx_word' id='word_1_193' title='bbox 1538 1557 1769 1609; x_wconf 86' lang='lat' dir='ltr'><strong>attrahitur,</strong></span> <span class='ocrx_word' id='word_1_194' title='bbox 1799 1564 1846 1598; x_wconf 89' lang='lat' dir='ltr'><strong>ut</strong></span> 
     </span>
    </p>
   </div>
   <div class='ocr_carea' id='block_1_16' title="bbox 150 1573 334 1581">
    <p class='ocr_par' dir='ltr' id='par_1_16' title="bbox 150 1573 334 1581">
     <span class='ocr_line' id='line_1_20' title="bbox 150 1573 334 1581; baseline 0 0"><span class='ocrx_word' id='word_1_195' title='bbox 150 1573 334 1581; x_wconf 95' lang='lat' dir='ltr'><strong> </strong></span> 
     </span>
    </p>
   </div>
   <div class='ocr_carea' id='block_1_17' title="bbox 138 1654 484 1696">
    <p class='ocr_par' dir='ltr' id='par_1_17' title="bbox 138 1654 484 1696">
     <span class='ocr_line' id='line_1_21' title="bbox 138 1654 484 1696; baseline 0.006 -2"><span class='ocrx_word' id='word_1_196' title='bbox 138 1667 232 1695; x_wconf 84' lang='lat' dir='ltr'><strong>area</strong></span> <span class='ocrx_word' id='word_1_197' title='bbox 254 1654 293 1696; x_wconf 93' lang='lat' dir='ltr'>A</span> <span class='ocrx_word' id='word_1_198' title='bbox 315 1654 358 1695; x_wconf 95' lang='lat' dir='ltr'>N</span> <span class='ocrx_word' id='word_1_199' title='bbox 380 1654 430 1696; x_wconf 91' lang='lat' dir='ltr'><strong>B.</strong></span> <span class='ocrx_word' id='word_1_200' title='bbox 482 1684 484 1686; x_wconf 94' lang='lat'>-</span> 
     </span>
    </p>
   </div>
   <div class='ocr_carea' id='block_1_18' title="bbox 379 1779 1598 1935">
    <p class='ocr_par' dir='ltr' id='par_1_18' title="bbox 379 1779 1598 1935">
     <span class='ocr_line' id='line_1_22' title="bbox 379 1779 1598 1844; baseline 0.002 -22"><span class='ocrx_word' id='word_1_201' title='bbox 379 1779 760 1825; x_wconf 90' lang='lat' dir='ltr'>PROPOSITIO</span> <span class='ocrx_word' id='word_1_202' title='bbox 791 1781 1014 1825; x_wconf 90' lang='lat' dir='ltr'>LXXXI.</span> <span class='ocrx_word' id='word_1_203' title='bbox 1071 1782 1438 1844; x_wconf 21' lang='lat' dir='ltr'>’THEOREMA</span> <span class='ocrx_word' id='word_1_204' title='bbox 1470 1783 1598 1825; x_wconf 90' lang='lat' dir='ltr'>XLI.</span> 
     </span>
     <span class='ocr_line' id='line_1_23' title="bbox 419 1880 1556 1935; baseline 0.004 -14"><span class='ocrx_word' id='word_1_205' title='bbox 419 1881 619 1922; x_wconf 74' lang='lat' dir='ltr'><strong>stantibus</strong></span> <span class='ocrx_word' id='word_1_206' title='bbox 624 1880 716 1935; x_wconf 82' lang='lat' dir='ltr'><strong>jam</strong></span> <span class='ocrx_word' id='word_1_207' title='bbox 728 1882 884 1934; x_wconf 83' lang='lat' dir='ltr'><strong>positis,</strong></span> <span class='ocrx_word' id='word_1_208' title='bbox 906 1883 1166 1924; x_wconf 81' lang='lat' dir='ltr'><strong>mensuranda</strong></span> <span class='ocrx_word' id='word_1_209' title='bbox 1185 1889 1242 1924; x_wconf 86' lang='lat' dir='ltr'><strong>cst</strong></span> <span class='ocrx_word' id='word_1_210' title='bbox 1260 1898 1357 1925; x_wconf 87' lang='lat' dir='ltr'><strong>area</strong></span> <span class='ocrx_word' id='word_1_211' title='bbox 1378 1884 1419 1925; x_wconf 93' lang='lat' dir='ltr'>A</span> <span class='ocrx_word' id='word_1_212' title='bbox 1441 1883 1481 1925; x_wconf 85' lang='lat' dir='ltr'>N</span> <span class='ocrx_word' id='word_1_213' title='bbox 1506 1883 1556 1924; x_wconf 92' lang='lat' dir='ltr'><strong>B.</strong></span> 
     </span>
    </p>
   </div>
   <div class='ocr_carea' id='block_1_19' title="bbox 287 1975 1648 2820">
    <p class='ocr_par' dir='ltr' id='par_1_19' title="bbox 287 1975 1648 2820">
     <span class='ocr_line' id='line_1_24' title="bbox 287 1975 1648 2820; baseline 0 0"><span class='ocrx_word' id='word_1_214' title='bbox 287 1975 1648 2820; x_wconf 95' lang='lat' dir='ltr'><strong> </strong></span> 
     </span>
    </p>
   </div>
   <div class='ocr_carea' id='block_1_20' title="bbox 181 2824 1838 2905">
    <p class='ocr_par' dir='ltr' id='par_1_20' title="bbox 181 2824 1838 2905">
     <span class='ocr_line' id='line_1_25' title="bbox 181 2824 1838 2905; baseline 0.01 -20"><span class='ocrx_word' id='word_1_215' title='bbox 181 2824 240 2888; x_wconf 18' lang='lat' dir='ltr'><strong>‘A</strong></span> <span class='ocrx_word' id='word_1_216' title='bbox 259 2852 412 2901; x_wconf 89' lang='lat' dir='ltr'><strong>puncto</strong></span> <span class='ocrx_word' id='word_1_217' title='bbox 435 2846 471 2887; x_wconf 92' lang='lat' dir='ltr'>P</span> <span class='ocrx_word' id='word_1_218' title='bbox 490 2845 665 2888; x_wconf 86' lang='lat' dir='ltr'><strong>ducatur</strong></span> <span class='ocrx_word' id='word_1_219' title='bbox 683 2853 795 2888; x_wconf 87' lang='lat' dir='ltr'><strong>recta</strong></span> <span class='ocrx_word' id='word_1_220' title='bbox 826 2846 863 2889; x_wconf 93' lang='lat' dir='ltr'><strong>P</strong></span> <span class='ocrx_word' id='word_1_221' title='bbox 883 2846 933 2889; x_wconf 96' lang='lat' dir='ltr'>H</span> <span class='ocrx_word' id='word_1_222' title='bbox 963 2846 1167 2902; x_wconf 83' lang='lat' dir='ltr'><strong>sphaeram</strong></span> <span class='ocrx_word' id='word_1_223' title='bbox 1192 2856 1369 2905; x_wconf 80' lang='lat' dir='ltr'><strong>tangens</strong></span> <span class='ocrx_word' id='word_1_224' title='bbox 1399 2850 1443 2891; x_wconf 87' lang='lat' dir='ltr'><strong>in</strong></span> <span class='ocrx_word' id='word_1_225' title='bbox 1464 2851 1527 2903; x_wconf 87' lang='lat' dir='ltr'><strong>H,</strong></span> <span class='ocrx_word' id='word_1_226' title='bbox 1563 2862 1604 2897; x_wconf 88' lang='lat' dir='ltr'><strong>et</strong></span> <span class='ocrx_word' id='word_1_227' title='bbox 1634 2858 1686 2898; x_wconf 85' lang='lat' dir='ltr'><strong>ad</strong></span> <span class='ocrx_word' id='word_1_228' title='bbox 1715 2844 1838 2904; x_wconf 75' lang='lat' dir='ltr'><strong>axem</strong></span> 
     </span>
    </p>
   </div>
   <div class='ocr_carea' id='block_1_21' title="bbox 140 2960 1840 3094">
    <p class='ocr_par' dir='ltr' id='par_1_21' title="bbox 140 2940 1840 3094">
     <span class='ocr_line' id='line_1_26' title="bbox 183 2960 1840 3014; baseline -0.008 -14"><span class='ocrx_word' id='word_1_229' title='bbox 183 2960 227 3002; x_wconf 53' lang='grc' dir='ltr'><strong>(ἀ)</strong></span> <span class='ocrx_word' id='word_1_230' title='bbox 252 2963 268 2981; x_wconf 68' lang='lat'><strong>⁹</strong></span> <span class='ocrx_word' id='word_1_231' title='bbox 300 2962 340 3009; x_wconf 63' lang='lat' dir='ltr'><strong>Ut</strong></span> <span class='ocrx_word' id='word_1_232' title='bbox 355 2972 428 3010; x_wconf 51' lang='lat' dir='ltr'><strong>area.</strong></span> <span class='ocrx_word' id='word_1_233' title='bbox 441 2964 473 2993; x_wconf 80' lang='lat' dir='ltr'>A</span> <span class='ocrx_word' id='word_1_234' title='bbox 485 2964 529 2994; x_wconf 87' lang='lat' dir='ltr'>N</span> <span class='ocrx_word' id='word_1_235' title='bbox 535 2965 576 2994; x_wconf 85' lang='lat' dir='ltr'><strong>B.</strong></span> <span class='ocrx_word' id='word_1_236' title='bbox 618 2963 719 2994; x_wconf 77' lang='lat' dir='ltr'><strong>Nulla</strong></span> <span class='ocrx_word' id='word_1_237' title='bbox 731 2962 968 3013; x_wconf 42' lang='lat' dir='ltr'><strong>enim-habenda</strong></span> <span class='ocrx_word' id='word_1_238' title='bbox 1055 2963 1102 3006; x_wconf 61' lang='grc' dir='ltr'><strong>(ε)</strong></span> <span class='ocrx_word' id='word_1_239' title='bbox 1126 2967 1144 2985; x_wconf 75' lang='lat'><em>⁰</em></span> <span class='ocrx_word' id='word_1_240' title='bbox 1169 2967 1242 2998; x_wconf 69' lang='lat' dir='ltr'><strong>Fiat</strong></span> <span class='ocrx_word' id='word_1_241' title='bbox 1256 2967 1291 2998; x_wconf 83' lang='lat' dir='ltr'>D</span> <span class='ocrx_word' id='word_1_242' title='bbox 1307 2967 1352 3004; x_wconf 69' lang='lat' dir='ltr'><strong>JV,</strong></span> <span class='ocrx_word' id='word_1_243' title='bbox 1376 2968 1431 2998; x_wconf 63' lang='grc' dir='ltr'><strong>ἃς,</strong></span> <span class='ocrx_word' id='word_1_244' title='bbox 1477 2970 1649 3007; x_wconf 57' lang='lat' dir='ltr'><strong>subsffluffi</strong></span> <span class='ocrx_word' id='word_1_245' title='bbox 1753 2981 1840 3014; x_wconf 53' lang='lat' dir='ltr'><strong>time</strong></span> 
     </span>
     <span class='ocr_line' id='line_1_27' title="bbox 140 2987 1753 3045; baseline -0.002 -12"><span class='ocrx_word' id='word_1_246' title='bbox 140 3012 187 3034; x_wconf 74' lang='lat' dir='ltr'><strong>est,</strong></span> <span class='ocrx_word' id='word_1_247' title='bbox 201 3010 279 3034; x_wconf 80' lang='lat' dir='ltr'><strong>ratlo</strong></span> <span class='ocrx_word' id='word_1_248' title='bbox 292 3014 338 3033; x_wconf 71' lang='lat' dir='ltr'><strong>vus</strong></span> <span class='ocrx_word' id='word_1_249' title='bbox 352 3004 509 3043; x_wconf 75' lang='lat' dir='ltr'><strong>parnculae</strong></span> <span class='ocrx_word' id='word_1_250' title='bbox 525 3005 552 3035; x_wconf 90' lang='lat' dir='ltr'><strong>F</strong></span> <span class='ocrx_word' id='word_1_251' title='bbox 566 3005 664 3045; x_wconf 65' lang='lat' dir='ltr'><strong>sque</strong></span> <span class='ocrx_word' id='word_1_252' title='bbox 683 3006 792 3038; x_wconf 69' lang='lat' dir='ltr'>endem</span> <span class='ocrx_word' id='word_1_253' title='bbox 811 3017 846 3037; x_wconf 76' lang='lat' dir='ltr'><strong>in</strong></span> <span class='ocrx_word' id='word_1_254' title='bbox 867 3017 968 3038; x_wconf 85' lang='lat' dir='ltr'><strong>omm-</strong></span> <span class='ocrx_word' id='word_1_255' title='bbox 1044 3009 1056 3036; x_wconf 92' lang='lat'>1</span> <span class='ocrx_word' id='word_1_256' title='bbox 1212 3032 1220 3040; x_wconf 86' lang='grc'><em>,</em></span> <span class='ocrx_word' id='word_1_257' title='bbox 1319 3033 1327 3041; x_wconf 76' lang='grc'><strong>,</strong></span> <span class='ocrx_word' id='word_1_258' title='bbox 1675 2987 1753 3020; x_wconf 63' lang='lat' dir='ltr'><strong>qum</strong></span> 
     </span>
     <span class='ocr_line' id='line_1_28' title="bbox 140 3032 1486 3094; baseline -0.005 -18"><span class='ocrx_word' id='word_1_259' title='bbox 140 3047 199 3076; x_wconf 86' lang='lat' dir='ltr'><strong>bus</strong></span> <span class='ocrx_word' id='word_1_260' title='bbox 213 3045 367 3094; x_wconf 69' lang='lat' dir='ltr'><strong>distantiis</strong></span> <span class='ocrx_word' id='word_1_261' title='bbox 375 3053 480 3078; x_wconf 85' lang='lat' dir='ltr'><strong>manet</strong></span> <span class='ocrx_word' id='word_1_262' title='bbox 493 3057 532 3077; x_wconf 84' lang='lat' dir='ltr'><strong>ex</strong></span> <span class='ocrx_word' id='word_1_263' title='bbox 545 3048 617 3087; x_wconf 77' lang='lat' dir='ltr'><strong>hyp.</strong></span> <span class='ocrx_word' id='word_1_264' title='bbox 646 3091 649 3094; x_wconf 28' lang='grc' dir='ltr'><strong><em>Ι</em></strong></span> <span class='ocrx_word' id='word_1_265' title='bbox 1009 3051 1096 3091; x_wconf 59' lang='grc' dir='ltr'><strong>Π.)</strong></span> <span class='ocrx_word' id='word_1_266' title='bbox 1109 3032 1178 3064; x_wconf 73' lang='lat'><strong>10⁰0</strong></span> <span class='ocrx_word' id='word_1_267' title='bbox 1191 3043 1236 3064; x_wconf 60' lang='lat'><strong>&#39;1⁵</strong></span> <span class='ocrx_word' id='word_1_268' title='bbox 1249 3035 1407 3074; x_wconf 67' lang='lat' dir='ltr'><strong>Pamculae</strong></span> <span class='ocrx_word' id='word_1_269' title='bbox 1423 3036 1452 3068; x_wconf 86' lang='lat' dir='ltr'><strong>F</strong></span> <span class='ocrx_word' id='word_1_270' title='bbox 1463 3036 1486 3068; x_wconf 71' lang='lat' dir='ltr'>fi</span> 
     </span>
    </p>
   </div>
   <div class='ocr_carea' id='block_1_22' title="bbox 955 3114 1055 3144">
    <p class='ocr_par' dir='ltr' id='par_1_22' title="bbox 955 3114 1055 3144">
     <span class='ocr_line' id='line_1_29' title="bbox 955 3114 1055 3144; baseline 0 0"><span class='ocrx_word' id='word_1_271' title='bbox 955 3114 1055 3144; x_wconf 74' lang='lat' dir='ltr'><strong>Aass</strong></span> 
     </span>
    </p>
   </div>
  </div>
 </body>
</html>
