2086 3542
230 244 315 282 280
625 236 1075 282 PHILOSOPHIAE
1105 236 1466 282 NATURALIS
1563 237 1709 290 [Mor.
1732 232 1931 283 Gourou-
2000 302 2003 305 ἢ

224 352 364 396 riodos
383 351 577 394 movendi
595 351 706 395 ultro
725 352 911 410 citrbque
929 353 974 395 in
992 353 1113 396 lineis
1133 352 1255 396 rectis
1273 367 1349 408 per
1367 359 1555 395 centrum
1586 352 1623 395 C
1652 352 1696 394 in
1715 351 1841 408 plano
1859 353 1932 395 iun

224 425 372 479 ductis,
401 425 682 482 complebunt.
741 426 798 475 Q.
818 441 854 468 e.
876 426 918 468 d.

974 540 1179 582 Scholium.

281 656 366 699 His
386 656 527 698 affines
549 663 645 698 sunt
663 668 853 697 ascensus
875 667 922 695 ac
942 653 1164 695 descensus
1193 666 1416 708 corporum
1443 652 1488 695 in
1516 652 1810 709 superficiebus
1839 667 1933 696 cur-

222 726 297 769 vis.
319 728 381 784 (¹¹¹)
404 727 589 782 Concipe
607 726 738 767 lineas
757 739 902 766 curvas
922 724 966 764 in
984 724 1114 779 plano
1135 723 1326 775 describi,
1349 724 1446 767 dein
1465 724 1619 766 circum
1639 740 1736 768 axes
1765 726 1932 783 quosvis

222 797 340 840 datos
359 813 436 854 per
455 805 642 840 centrum
662 797 811 838 virium
838 803 1096 837 transeuntes
1123 794 1293 845 revolvi,
1324 802 1366 837 et
1395 794 1443 837 ea
1473 795 1727 838 revolutione
1757 798 1932 852 superfi-

220 869 303 911 cies
323 884 468 911 curvas
489 869 748 919 describere;
768 877 857 910 tum
876 883 1052 924 corpora
1070 869 1137 910 -ita
1169 868 1326 910 moveri
1361 876 1408 910 ut
1442 884 1585 911 eorum
1619 878 1760 911 centra
1792 871 1836 912 in
1865 871 1930 912 his

221 941 516 998 superficiebus
535 950 737 996 perpetuo
766 940 1036 995 reperiantur.
1098 940 1143 981 Si
1172 954 1348 995 corpora
1376 939 1446 981 illa
1475 939 1641 997 oblique
1670 941 1932 984 ascendendo

220 1021 263 1056 et
282 1013 573 1056 descendendo
593 1021 761 1054 currant
781 1011 890 1054 ultro
910 1012 1095 1068 citroque
1106 1028 1117 1062 3
1138 1020 1389 1070 peragentur
1408 1028 1552 1055 eorum
1571 1021 1709 1055 motus
1734 1014 1778 1054 in
1796 1014 1930 1069 planis

218 1099 295 1140 per
314 1071 435 1126 axem
455 1084 775 1134 transeuntibus,
795 1091 919 1139 atque
937 1082 1032 1125 ideo
1061 1083 1105 1124 in
1133 1083 1251 1125 lineis
1286 1084 1434 1136 curvis,
1471 1099 1645 1140 quarum
1676 1085 1931 1127 revolutione

220 1171 358 1198 curvae
377 1155 460 1196 illae
481 1154 717 1211 superficies
736 1154 888 1212 genitae
909 1161 1015 1196 sunt.
1076 1154 1172 1196 Istis
1191 1154 1318 1211 igitur
1338 1155 1382 1196 in
1402 1155 1564 1197 casibus
1594 1155 1741 1198 sufficit
1769 1164 1930 1199 motum

219 1229 264 1270 in
283 1227 349 1270 his
368 1227 487 1269 lineis
508 1227 642 1269 curvis
663 1226 937 1268 considerare.

479 1321 855 1400 I³ROPOSITIO
886 1355 1103 1400 XLVIII.
1166 1355 1528 1400 THEOREMA
1558 1357 1684 1400 XVI.

217 1471 265 1515 Si
288 1478 379 1513 rota
397 1470 512 1527 globo
540 1472 774 1513 extrinsecus
795 1473 852 1512 ad
873 1472 1035 1526 angulos
1064 1471 1118 1527 (¹¹)
1147 1477 1273 1515 rectos
1289 1471 1459 1521 insistat,
1483 1477 1522 1512 et
1544 1456 1648 1513 more
1671 1476 1845 1513 rotarum
1866 1485 1931 1514 re-

218 1578 232 1599 a
276 1544 461 1586 volvendo
484 1543 766 1597 progrediatur
801 1544 845 1584 in
872 1544 1017 1584 circulo
1044 1543 1212 1583 maximo
1227 1563 1243 1589 ,·
1286 1544 1488 1598 longitudo
1522 1543 1678 1585 itineris
1710 1534 1930 1596 curm'linei,

275 1615 379 1669 quod
394 1620 583 1668 puuctum
614 1614 775 1668 quodvis
809 1615 853 1655 in
879 1620 978 1655 rotae
999 1614 1214 1668 perimetro
1245 1615 1393 1665 datum,
1428 1629 1477 1655 ex
1501 1629 1576 1669 quo
1596 1615 1751 1670 globum
1783 1610 1955 1670 tetigit,‘

269 1687 450 1743 -corgfhcit,
477 1685 686 1742 (quodque
713 1687 918 1742 cycloidem
947 1688 1008 1729 vel
1025 1687 1296 1742 epiqycloidem
1324 1687 1526 1727 nominare
1551 1687 1677 1743 licet)
1698 1687 1775 1728 erit
1788 1688 1844 1727 ad
1857 1687 1930 1727 du-

229 1773 231 1776 ⁴
268 1759 462 1812 plicatum
487 1759 614 1800 sinum
642 1772 790 1800 versum
812 1772 926 1799 arcus
954 1758 1113 1799 dimidii
1132 1759 1200 1811 qui
1214 1758 1367 1812 globum
1387 1773 1435 1798 ex
1454 1772 1498 1799 eo
1523 1765 1692 1812 tempore
1711 1759 1816 1800 inter
1833 1773 1928 1800 eun-

275 1829 365 1869 dum
378 1828 523 1883 tetigit,
543 1834 588 1869 ut
612 1843 758 1870 summa
777 1829 1051 1870 diametrorum
1066 1829 1176 1883 globi
1193 1834 1232 1870 et
1259 1834 1357 1869 rotae
1384 1830 1441 1870 ad
1466 1829 1788 1872 semidiametrum
1804 1830 1928 1886 globi.

479 1971 859 2015 PROPOSITIO
890 1971 1066 2015 XLIX.
1126 1971 1488 2015 THEOREMA
1518 1972 1669 2015 XVII.

217 2085 264 2129 Si
282 2092 372 2127 rota
386 2085 501 2140 globo
520 2099 685 2127 concavo
703 2086 761 2126 ad
783 2090 906 2127 rectos
923 2087 1086 2141 angulos
1105 2086 1334 2128 intrinsecus
1353 2087 1509 2128 insistat
1527 2091 1566 2129 et
1583 2087 1810 2129 revolvendo
1825 2101 1925 2142 pro-

266 2158 479 2213 grediatur
513 2158 557 2198 in
584 2158 727 2198 circulo
757 2158 924 2198 maximo
939 2179 954 2204 ,-
986 2158 1188 2213 longitudo
1213 2159 1368 2200 itineris
1395 2160 1600 2201 curvilinei
1626 2161 1730 2214 quod
1738 2166 1926 2214 punctum

263 2283 317 2326 (¹²²)
342 2285 360 2304 ⁶
386 2284 514 2324 Concipe
538 2284 651 2318 lineam
675 2294 802 2315 curvam
819 2283 850 2314 A
869 2284 897 2314 B
913 2283 946 2314 in
961 2283 1055 2324 plano

221 2326 253 2358 A
271 2327 298 2357 C
315 2325 345 2356 E
364 2326 397 2356 D
412 2325 595 2365 descriptam
609 2325 690 2356 circa
703 2335 792 2356 axem
805 2325 913 2357 datum
930 2326 964 2357 D
984 2327 1013 2357 B
1026 2327 1053 2357 C

221 2378 276 2408 per
289 2373 432 2399 centrum
446 2368 559 2398 virium
577 2369 603 2399 C
618 2373 828 2399 transeuntem
843 2369 958 2399 revolvi
972 2374 1003 2398 et
1017 2368 1055 2399 ea

218 2410 410 2441 revolutione
419 2410 611 2449 superficiem
626 2420 753 2441 curvam
769 2411 800 2441 A
818 2409 847 2440 B
870 2409 901 2440 E
911 2410 1051 2448 describi,

219 2452 290 2484 tum
304 2462 415 2492 corpus
428 2452 554 2493 aliquod
571 2453 602 2483 A
616 2452 661 2483 ita
675 2452 798 2488 moveri,
819 2458 855 2483 ut
873 2453 958 2483 illius
979 2463 1053 2483 cen-

219 2501 303 2525 trum
317 2495 350 2525 in
365 2494 424 2525 hfic
441 2495 602 2534 superficIe
621 2494 771 2534 perpetuo
791 2495 969 2534 reperiatur.
1018 2495 1053 2525 Si

219 2546 333 2576 corpus
346 2537 427 2567 illud
440 2536 564 2577 oblique
579 2536 792 2567 descendendo
806 2543 837 2568 et
858 2536 1052 2568 ascendendo

219 2589 275 2618 per
291 2579 322 2609 A
340 2579 370 2609 B
387 2580 425 2615 E,
445 2579 474 2609 E
493 2580 522 2610 Β
541 2579 571 2609 A
587 2585 690 2610 currat
703 2578 785 2610 ultro
807 2578 944 2621 citroque
963 2589 1051 2619 pera-

220 2627 312 2662 getur
325 2621 410 2652 illius
422 2627 526 2652 motus
539 2621 572 2651 in
586 2621 679 2661 plano
700 2622 728 2651 A
747 2622 772 2652 C
790 2621 820 2652 E
838 2622 871 2652 D
892 2631 947 2661 per
961 2631 1052 2651 axem

223 2664 249 2694 C
282 2664 315 2694 D
345 2669 531 2700 transeunte,
561 2670 653 2703 atque
681 2663 758 2694 adet}
786 2663 820 2693 in
848 2663 930 2694 linea
957 2662 1052 2693 curva

223 2706 255 2735 A
281 2706 311 2736 B
336 2706 379 2743 E,
406 2715 478 2736 cum
502 2709 555 2747 (ex
580 2706 671 2746 hyp.)
697 2706 785 2736 nulla
809 2706 890 2737 adsit
913 2705 959 2736 vis
980 2715 1051 2745 quae

221 2757 366 2821 ῖξηὲυέα
379 2748 473 2820 plasno
486 2748 543 2800 illo
563 2754 654 2788 cogat
674 2747 855 2819 delllectere3
877 2747 1051 2820 Sigei-ficies

369 2801 424 2830 per
437 2796 503 2821 ecte
517 2796 596 2821 tersa
611 2800 647 2820 ac
661 2800 702 2829 po
715 2797 758 2820 na
771 2799 904 2830 suppom
954 2810 963 2820 .

266 2847 312 2888 (¹¹)
337 2851 354 2867 '
378 2849 430 2878 Aa
443 2849 570 2887 angulos
583 2854 684 2883 rectos,
700 2846 733 2877 id
747 2853 801 2884 est,
817 2845 860 2878 ἰιὲ
873 2852 910 2877 ut
922 2845 1052 2885 planum

222 2895 297 2919 rotae
311 2889 496 2928 productum
511 2900 565 2929 per
579 2895 720 2927 centrum
740 2888 824 2930 globi
848 2893 989 2923 transeat,
1012 2888 1052 2918 il-

223 2930 340 2970 ludque
368 2930 496 2970 proinde
531 2932 565 2961 in
599 2931 662 2962 duo
693 2930 905 2971 haemispheria
936 2930 1052 2960 dividat

222 2982 259 3002 ac
287 2972 437 3003 circulum
465 2973 636 3005 maximum
661 2973 691 3003 in
719 2974 785 3015 ejus
808 2972 966 3013 superficie
988 2972 1050 3013 sig-

224 3019 284 3045 net.
552 3014 559 3020 ’
