2158 3562
870 240 1193 286 AUCTORIS
1830 250 1876 290 xi

166 357 380 402 refertam
440 357 540 408 Quo
558 372 683 402 sensu
699 357 942 401 mechanica.
957 357 1170 400 rationalis
1190 356 1269 399 erit
1294 356 1466 399 scientia
1492 366 1695 411 motuum,
1729 362 1800 417 qui
1829 373 1884 402 ex

163 429 320 472 viribus
341 429 654 487 quibuscunque
671 428 884 480 resultant,
907 437 949 471 et
969 429 1119 471 virium
1148 443 1242 485 quae
1271 428 1326 470 ad
1354 436 1492 470 motus
1522 444 1791 487 quoscunque
1818 447 1885 474 re-

165 501 399 557 quiruntur,
429 499 621 544 accurate
645 501 861 558 proposita
887 516 935 543 ac
965 501 1258 543 demonstrata.
1322 501 1425 543 Pars
1454 502 1547 544 haec
1576 503 1830 546 mechanicae
1858 520 1885 546 a

162 572 369 614 veteribus
388 572 433 614 in
450 572 645 628 potentiis
666 573 849 630 quinque
869 572 923 614 ad
943 580 1052 616 artes
1071 572 1285 615 manuales
1301 574 1586 628 spectantibus
1602 575 1769 618 exculta
1787 575 1880 626 fuit,

165 645 238 700 qui
256 644 503 702 gravitatem
523 647 637 700 (cum
654 645 840 700 potentia
858 645 1061 687 manualis
1081 660 1167 687 non
1186 645 1256 697 sit)
1283 646 1355 687 vix
1375 646 1494 688 aliter
1514 661 1639 703 quam
1659 647 1702 688 in
1722 648 1884 703 ponde-

165 717 280 759 ribus
298 732 376 773 per
393 717 600 773 potentias
620 717 711 759 illas
731 717 947 760 movendis
967 717 1295 760 considerarunt.
1359 718 1447 760 Nos
1467 726 1608 761 autem
1621 733 1708 760 non
1723 719 1883 761 artibus

165 789 240 831 sed
258 789 536 846 philosophiae
557 790 830 841 consulentes,
853 789 988 846 deque
1006 790 1202 845 potentiis
1221 805 1308 831 non
1326 790 1590 832 manualibus
1610 790 1685 832 sed
1713 800 1883 833 natura-

161 863 271 904 libus
292 863 529 913 scribentes,
553 878 603 904 ea
619 862 801 905 maxime
820 871 1058 914 tractamus,
1081 877 1175 920 quae
1196 863 1250 905 ad
1269 864 1528 921 gravitatem,
1550 864 1774 916 levitatem,
1797 866 1883 907 vim

162 935 387 987 elasticam,
408 936 682 978 resistentiam
699 936 925 978 fluidorum
945 944 987 978 et
1006 936 1210 993 ejusmodi
1227 937 1336 978 vires
1357 952 1430 978 seu
1450 938 1687 980 attractivas
1707 954 1782 980 seu
1803 939 1882 980 im-

161 1009 343 1064 pulsivas
364 1017 576 1065 spectant:
607 1018 649 1051 et
668 1009 716 1051 ea
735 1017 921 1066 propter,
943 1009 1036 1051 haec
1064 1017 1208 1052 nostra
1235 1017 1433 1066 tanquam
1462 1010 1740 1066 philosophiae
1769 1013 1882 1066 prin-

161 1081 270 1136 cipia
287 1081 579 1123 mathematica
596 1082 882 1138 proponimus.
935 1080 1085 1124 Omnis
1105 1081 1216 1123 enim
1234 1081 1513 1137 philosophiae
1533 1082 1752 1124 difficultas
1771 1083 1815 1123 in
1832 1098 1882 1125 eo

161 1147 316 1193 versari
334 1152 511 1203 videtur,
534 1161 582 1197 ut
600 1169 626 1194 a
642 1152 931 1209 phaenomenis
950 1160 1142 1194 motuum
1161 1153 1455 1210 investigemus
1476 1154 1584 1195 vires
1603 1161 1778 1204 naturae,
1808 1154 1882 1196 de-

158 1223 257 1265 inde
277 1223 330 1265 ab
349 1211 415 1264 his
434 1223 591 1266 viribus
611 1224 943 1267 demonstremus
960 1223 1239 1280 phaenomena
1258 1225 1429 1280 reliqua.
1493 1224 1550 1265 Et
1578 1224 1661 1266 huc
1691 1233 1883 1280 spectant

157 1296 464 1353 propositiones
483 1297 712 1355 generaleS,
735 1312 838 1354 quas
857 1297 967 1338 libro
986 1296 1124 1352 primo
1144 1304 1186 1337 et
1206 1295 1390 1337 secundo
1409 1296 1766 1350 pertractavimus.
1827 1296 1882 1341 In

156 1367 266 1410 libro
295 1375 436 1410 autem
469 1368 593 1410 tertio
622 1367 861 1423 exemplum
890 1366 1014 1423 hujus
1043 1367 1105 1408 rei
1132 1365 1426 1422 proposuimus
1455 1380 1532 1420 per
1561 1366 1880 1420 explicationem

116 1491 119 1493 ,
157 1440 391 1495 systematis
410 1439 624 1482 mundani.
684 1439 751 1483 Ibi
772 1439 896 1490 enim,
919 1453 974 1480 ex
991 1437 1278 1494 phaenomenis
1306 1437 1553 1487 coelestibus,
1583 1452 1661 1493 per
1688 1439 1881 1495 proposi-

155 1510 290 1552 tiones
311 1510 356 1552 in
374 1511 491 1552 libris
510 1510 720 1565 prioribus
739 1508 1030 1552 mathematice
1050 1509 1367 1558 demonstratas,
1397 1508 1638 1550 derivantur
1656 1509 1764 1551 vires
1783 1525 1880 1567 gra-

153 1583 302 1632 vitatis,
326 1582 478 1639 quibus
499 1596 678 1637 corpora
697 1581 752 1623 ad
771 1581 901 1624 solem
921 1589 964 1623 et
981 1581 1168 1637 planetas
1189 1580 1374 1639 singulos
1394 1580 1584 1622 tendunt.
1634 1580 1805 1623 Deinde
1826 1597 1880 1624 ex

152 1654 218 1695 his
238 1654 396 1696 viribus
415 1668 493 1710 per
511 1653 817 1710 propositiones
837 1654 961 1695 etiam
981 1652 1306 1703 mathematicas,
1329 1652 1594 1694 deducuntur
1622 1661 1760 1695 motus
1787 1654 1879 1710 pla-

151 1718 357 1777 netarum,
380 1733 650 1776 cometarum,
672 1725 783 1767 lunae
804 1733 846 1768 et
864 1725 1004 1767 maris.
1065 1725 1240 1768 Utinam
1261 1732 1412 1766 caetera
1425 1732 1587 1766 naturae
1601 1725 1880 1780 phaenomena

153 1812 207 1839 ex
237 1797 454 1852 principiis
488 1796 740 1839 mechanicis
774 1796 923 1838 eodem
958 1795 1278 1854 argumentandi
1311 1810 1465 1854 genere
1499 1795 1687 1839 derivare
1720 1797 1876 1840 liceret.

154 1870 267 1912 Nam
285 1870 419 1912 multa
436 1885 504 1912 me
523 1877 705 1920 movent,
737 1877 785 1911 ut
803 1869 995 1911 nonnihil
1014 1870 1198 1925 suspicer
1218 1885 1268 1911 ea
1287 1869 1428 1911 omnia
1447 1884 1501 1911 ex
1519 1869 1676 1911 viribus
1707 1871 1878 1928 quibus-

151 1944 249 1985 dam
267 1942 453 1998 pendere
471 1957 608 1998 posse,
630 1943 781 1999 quibus
801 1957 1024 1998 corporum
1041 1943 1255 1998 particulae
1280 1957 1358 1998 per
1386 1957 1531 1985 causas
1559 1943 1749 1986 nondum
1779 1959 1878 2002 cog-

150 2016 258 2057 nitas
276 2015 344 2057 vel
363 2016 408 2057 in
429 2031 473 2058 se
493 2015 641 2058 mutuo
661 2016 933 2072 impelluntur
953 2023 994 2058 et
1008 2016 1238 2059 secundum
1253 2015 1409 2073 figuras
1422 2017 1633 2074 regulares
1648 2017 1874 2066 cohaerent,

130 2087 218 2129 ·vel
238 2087 291 2128 ab
310 2088 487 2129 invicem
516 2087 715 2146 fugantur
744 2096 786 2130 et
814 2087 1040 2130 recedunt:
1072 2088 1221 2144 quibus
1250 2087 1406 2129 viribus
1436 2088 1602 2146 ignotis,
1634 2088 1876 2145 philosophi

149 2160 350 2201 hactenus
369 2166 562 2201 naturam
581 2159 736 2202 flustra
755 2167 980 2202 tentarunt.
1042 2161 1176 2215 Spero
1196 2166 1335 2201 autem
1355 2160 1470 2216 quod
1488 2161 1555 2202 vel
1573 2160 1672 2202 huic
1688 2160 1876 2217 philoso-

149 2232 311 2289 phandi
330 2231 471 2282 modo,
492 2232 560 2273 vel
577 2233 731 2274 veriori
749 2233 885 2285 alicui,
905 2233 1113 2290 principia
1130 2232 1201 2275 hic
1226 2234 1363 2290 posita
1390 2234 1526 2276 lucem
1556 2234 1736 2293 aliquam
1764 2249 1876 2291 prae-

148 2304 321 2361 bebunt.
470 2308 473 2309 ⁷

118 2435 121 2439 Ι
208 2378 261 2421 In
281 2379 348 2420 his
368 2379 555 2430 edendis,
577 2380 642 2431 vir
661 2381 921 2424 acutissimus
941 2389 983 2424 et
1000 2382 1045 2424 in
1074 2382 1188 2424 omni
1216 2381 1432 2424 literarum
1460 2395 1615 2439 genere
1644 2380 1875 2423 eruditissi-

149 2463 242 2498 mus
263 2448 514 2492 Edmundus
537 2450 733 2494 Halleius
753 2467 924 2508 operam
946 2453 1124 2503 navavit,
1147 2467 1226 2494 nec
1246 2453 1382 2495 solum
1400 2452 1712 2509 typothetarum
1732 2453 1873 2509 sphal-

148 2527 262 2561 mata
281 2520 464 2562 correxit
483 2528 524 2562 et
543 2521 754 2564 schemata
772 2522 900 2564 incidi
920 2523 1090 2573 curavit,
1113 2523 1187 2565 sed
1207 2524 1329 2566 etiam
1350 2531 1495 2566 auctor
1522 2523 1612 2575 fuit,
1644 2533 1692 2567 ut
1719 2525 1873 2568 horum

148 2590 374 2634 editionem
393 2592 657 2650 aggrederer.
719 2594 890 2653 Quippe
909 2609 1005 2637 cum
1026 2595 1351 2638 demonstratam
1370 2611 1396 2637 a
1413 2611 1482 2637 me
1507 2595 1687 2652 figuram
1707 2598 1873 2640 orbium

133 2663 379 2705 'coelestium
407 2663 710 2718 impetraverat,
724 2684 727 2687 s
742 2680 892 2724 rogare
920 2682 1008 2709 non
1042 2667 1211 2718 destitit,
1248 2675 1296 2709 ut
1329 2667 1503 2709 eandem
1538 2682 1634 2708 cum
1666 2668 1873 2712 Societate

151 2735 303 2793 Regali
323 2735 686 2788 communicarem,
710 2752 803 2794 quae
831 2737 982 2780 deinde
1010 2738 1244 2781 hortatibus
1274 2748 1316 2781 et
1342 2739 1533 2796 benignis
1564 2739 1648 2781 suis
1677 2741 1872 2797 auspiciis

116 2811 126 2823 ¹
149 2806 299 2858 effecit,
320 2814 368 2849 ut
397 2806 451 2849 de
476 2805 623 2850 eadem
652 2808 697 2850 in
725 2808 863 2851 lucem
892 2810 1117 2852 emittenda
1148 2811 1331 2868 cogitare
1361 2810 1601 2865 inciperem.
1661 2811 1723 2853 At
1755 2822 1872 2869 post-

150 2895 275 2936 quam
294 2886 484 2922 motuum
502 2880 712 2923 lunarium
732 2882 1034 2939 inaequalitates
1055 2899 1275 2942 aggressus
1296 2898 1441 2935 essem,
1473 2883 1625 2927 deinde
1645 2886 1767 2927 etiam
1791 2887 1872 2929 alia

149 2959 310 2993 tentare
330 2953 560 3008 coepissem,
582 2968 676 3009 quae
697 2954 752 2996 ad
770 2954 884 3013 leges
904 2963 946 2998 et
963 2970 1178 2998 mensuras
1198 2957 1412 3015 gravitatis
1430 2964 1473 2999 et
1501 2957 1675 3000 aliarum
1705 2959 1868 3011 virium,

151 3031 192 3064 et
212 3021 371 3080 figuras
387 3040 412 3067 a
432 3026 677 3081 corporibus
697 3027 926 3070 seeundum
946 3028 1063 3071 datas
1084 3044 1351 3086 quascunque
1370 3029 1483 3088 leges
1503 3033 1688 3075 attractis
1714 3032 1868 3076 descri-
