2086 3542
132 222 373 277 Danum]
583 225 795 267 PRINCI
803 225 904 266 PIA
937 224 1431 269 MATHEMATICA.
1833 234 1859 271 3

724 377 1052 421 DEFINITIO
1083 379 1167 421 111.
1198 379 1273 435 (d)

131 493 323 537 Materiae
340 492 399 534 vis
419 492 540 533 insita
560 497 616 532 est
637 491 820 544 potentia
841 491 1062 540 resistendi,
1084 490 1162 545 qud
1181 505 1318 545 corpus
1337 496 1639 549 unumquodque,
1671 503 1856 550 quantum

186 566 229 606 in
260 579 301 605 se
330 569 400 612 est,
426 567 652 616 perseverat
682 562 725 602 in
759 566 862 602 statu
893 575 962 602 suo
992 562 1054 602 vel
1081 562 1301 615 quiescendi
1327 565 1389 604 vel
1415 566 1593 606 movendi
1611 567 1856 621 unfformiter·

188 636 233 676 in
253 635 454 674 directum.
863 642 865 645 '
945 638 949 642 “

186 732 298 776 Haec
329 745 490 787 semper
516 730 835 787 proportionalis
865 737 925 772 est
954 745 1028 772 suo
1048 733 1224 787 corpori,
1255 747 1389 789 neque
1409 723 1545 777 differt
1564 736 1783 792 quicquam
1803 737 1856 779 ab

127 805 274 847 mertia
307 817 463 854 massae,
494 803 574 844 nisi
604 803 649 843 in
687 802 814 843 modo
852 802 1123 857 concipiendi.
1180 800 1267 845 Per
1296 804 1486 847 inertiam
1516 808 1699 848 materiae
1717 810 1778 857 fit,
1810 816 1857 850 ut

128 874 278 932 corpus
297 889 422 916 omne
441 873 495 915 de
514 880 621 915 statu
640 888 715 915 suo
739 873 803 915 vel
832 873 1067 929 quiescendi
1096 874 1161 915 vel
1189 876 1383 917 movendi
1414 877 1632 919 difficulter
1663 878 1855 921 deturbe-

126 955 207 989 tur.
268 946 395 989 Unde
415 946 538 988 etiam
557 945 617 986 vis
636 945 757 986 insita
775 944 944 986 nomine
963 945 1335 1002 significantissimo
1349 948 1409 988 vis
1426 949 1593 990 Inertiae
1612 949 1694 991 dici
1712 951 1853 1005 possit.

130 1019 308 1060 Exercet
327 1015 425 1058 vero
445 1030 593 1071 corpus
611 1015 720 1056 hanc
739 1015 822 1056 vim
843 1015 1103 1057 solummodo
1132 1016 1176 1058 in
1198 1018 1426 1060 mutatione
1446 1026 1574 1063 status
1595 1021 1656 1062 sui
1675 1036 1751 1076 per
1770 1021 1854 1063 vim

126 1089 249 1131 aliam
269 1089 312 1129 in
333 1103 375 1129 se
394 1089 632 1143 impressam
651 1086 757 1128 facta
763 1103 775 1136 3
806 1094 947 1143 estque
978 1087 1219 1129 exercitium
1239 1089 1352 1130 ‘illud
1380 1090 1457 1132 sub
1486 1091 1647 1133 diverso
1666 1100 1869 1148 respectu,

125 1168 167 1203 et
188 1159 434 1202 Resistentia
453 1165 494 1200 et
523 1159 725 1214 Impetus:
757 1158 996 1209 resistentia,
1028 1167 1229 1215 quatenus
1261 1174 1410 1215 corpus
1442 1161 1496 1202 ad
1526 1163 1852 1205 conservandum

126 1239 277 1273 statum
305 1245 425 1271 suum
454 1229 678 1271 reluctatur
708 1229 749 1270 vi
779 1229 1006 1285 impressae3
1036 1230 1226 1285 impetus,
1258 1239 1457 1287 quatenus
1477 1246 1626 1287 corpus
1656 1233 1781 1286 idem,
1812 1235 1854 1276 vi

125 1302 345 1345 resistentis
379 1301 579 1343 obstaculi
612 1300 830 1342 difficulter
864 1300 1063 1352 cedendo,
1106 1309 1278 1343 conatur
1317 1310 1468 1344 statum
1506 1304 1706 1346 obstaculi
1743 1306 1854 1348 illius

123 1381 295 1416 mutare.
356 1372 518 1429 Vulgus
538 1372 807 1414 resistentiam
827 1372 1126 1428 quiescentibus
1146 1379 1187 1414 et
1214 1373 1415 1427 impetum
1434 1375 1692 1416 moventibus
1723 1377 1853 1418 tribu-

124 1499 260 1541 spatinm
274 1506 455 1538 percursam
475 1504 507 1529 et
527 1504 651 1538 tempus
671 1497 911 1534 considerentur,
935 1503 968 1529 et
1008 1502 1145 1530 cremata
1169 1507 1239 1539 quae
1260 1494 1303 1528 de
1327 1503 1472 1528 motuum
1496 1497 1735 1537 comparatione,
1764 1499 1850 1540 apud

123 1544 203 1574 ratio
229 1542 319 1581 spatii
345 1541 386 1572 ad
407 1547 532 1580 tempus
552 1541 738 1571 celeritatem
753 1547 887 1579 exponat
903 1540 964 1582 (5),
1007 1541 1169 1580 scriptores
1182 1541 1376 1571 mechanicos
1390 1540 1461 1571 fuse
1476 1541 1683 1580 reperiuntur.

123 1586 198 1616 satis
222 1583 347 1614 evidens
370 1589 417 1613 est
431 1583 471 1613 ad
484 1589 587 1614 totum
608 1582 743 1622 corporis
763 1589 887 1613 motum
907 1593 964 1613 seu

124 1628 328 1669 quantitatem
349 1625 454 1656 motus
482 1625 709 1661 inveniendam,
732 1624 828 1655 mlius
855 1635 964 1655 massae

123 1677 155 1701 et
181 1668 346 1700 celeritatis
368 1667 543 1698 habendam
568 1677 634 1698 esse
658 1667 818 1698 rationem.
879 1667 962 1698 cum

123 1719 231 1744 autem
253 1718 359 1742 motus
382 1710 479 1742 totius
492 1710 626 1750 eorporis
639 1711 679 1741 sit
693 1710 820 1751 aequalis
833 1720 966 1741 summae

123 1762 270 1786 motuum
293 1753 490 1795 singularum
516 1754 631 1784 Massae
655 1753 799 1792 partium,
822 1763 877 1783 seu
900 1752 962 1783 ele-

124 1804 312 1833 mentorum,
336 1802 421 1836 patet
434 1802 580 1826 manente
594 1795 756 1831 celeritate,
779 1801 902 1826 motum
915 1801 964 1826 to-

122 1842 187 1872 tius
206 1849 315 1871 massae
329 1849 463 1870 crescere
486 1846 582 1879 prout
600 1838 709 1869 crescit
732 1847 882 1869 numerus
903 1838 966 1868 ele-

123 1889 302 1915 mentorum
330 1892 440 1913 massae
469 1881 646 1922 aequalium,
679 1891 734 1911 seu
761 1880 966 1921 quantitatem

124 1926 229 1958 motus
263 1936 329 1956 esse
365 1924 627 1965 proportionalem
660 1933 786 1961 massae3
821 1930 968 1954 manente

124 1968 197 2000 vero
225 1968 334 2004 massa,
367 1967 523 2009 quantit&
546 1966 650 1998 motus
675 1973 722 1997 est
746 1973 782 1996 ut
806 1965 966 2004 velocitas;

124 2021 200 2042 nam
223 2011 250 2042 si
273 2021 386 2050 corpus
413 2009 498 2040 idem
526 2008 660 2050 duplum
688 2009 825 2048 spatium
853 2008 964 2040 eodem

124 2060 264 2094 tempore
287 2052 446 2092 percurrit,
470 2052 587 2091 duplus
614 2058 661 2083 est
688 2051 775 2082 illius
801 2057 914 2087 motu-⁶»,
938 2051 964 2082 si

123 2097 262 2136 triplum,
279 2095 398 2135 triplus,
415 2095 471 2125 διο.
501 2094 661 2135 Siquidem
671 2094 871 2125 manentibus
883 2100 964 2124 tem·

124 2149 199 2179 pore
223 2145 257 2170 et
280 2137 391 2173 massa,
414 2136 502 2168 nulla
525 2144 573 2168 est
593 2137 654 2168 alia
677 2147 773 2178 quam
793 2137 965 2176 spatiorum

123 2182 260 2216 varietas,
292 2186 324 2211 et
351 2185 456 2211 motus
481 2186 556 2210 sunt
579 2185 616 2210 ut
640 2180 752 2220 spatia;
784 2179 839 2210 sed
864 2179 963 2219 spatia

123 2224 315 2264 temporibus
328 2222 498 2263 aequalibus
517 2232 662 2261 percursa
681 2228 755 2253 sunt
776 2227 811 2253 ut
824 2221 963 2253 celerita-

122 2273 170 2298 tes
196 2266 257 2316 (β),
281 2275 356 2307 ergo
380 2263 567 2305 quantitates
591 2263 695 2295 motus
719 2270 793 2295 sunt
813 2264 908 2295 etiam
927 2271 965 2296 ut

123 2309 303 2340 celeritates.
354 2308 461 2344 Quare
482 2307 672 2337 variantibus
684 2306 792 2336 massis
806 2311 898 2347 atque
912 2316 963 2337 ce-

122 2351 303 2386 leritatibuS,
319 2349 424 2381 motus
444 2350 598 2390 quantitas
612 2356 658 2380 est
679 2358 800 2389 semper
813 2355 851 2379 ut
863 2358 964 2379 massa

122 2395 156 2425 in
180 2394 368 2425 celeritatem
382 2392 485 2428 ducta,
509 2402 565 2422 seu
589 2392 624 2422 in
648 2392 767 2422 ratione
792 2390 962 2431 composita

123 2447 232 2467 massae
256 2442 287 2466 et
311 2435 487 2472 celeritatis;
510 2433 662 2475 si‘itaque
683 2433 787 2464 motus
807 2433 962 2474 quantitas

122 2480 244 2510 dicatur
261 2480 307 2515 Q;
331 2478 438 2508 Massa
454 2477 502 2512 M,
519 2477 658 2508 celeritas
675 2477 717 2515 C;
744 2477 803 2507 erit
820 2477 854 2512 Q
865 2482 903 2507 ut

121 2519 159 2549 Μ
169 2519 205 2555 C,
217 2518 299 2559 quod
307 2518 350 2549 ita
361 2520 542 2558 exponimus
555 2522 589 2557 Q,
612 2537 652 2549 =
668 2520 708 2550 M
733 2520 768 2555 C,
792 2518 958 2550 dividendo

122 2566 268 2605 utrinque
282 2573 338 2603 per
354 2563 402 2597 M,
425 2569 457 2593 et
477 2562 590 2594 deiude
604 2573 659 2602 per
675 2563 712 2598 C,
736 2563 794 2594 erit
810 2562 837 2594 C
852 2576 892 2588 =
912 2563 956 2599 Q:

123 2607 179 2645 M;
201 2613 232 2638 et
248 2607 287 2638 M
305 2623 344 2635 =
361 2606 395 2641 Q
408 2621 416 2636 ι
435 2605 478 2642 C;
503 2606 566 2636 Seu
586 2605 724 2636 celeritas
745 2611 792 2636 est
810 2611 847 2636 ut
860 2615 960 2647 quan-

121 2649 195 2680 titas
206 2649 310 2680 motfis
323 2648 364 2679 ad
378 2657 511 2678 massam
531 2647 692 2689 applicata,
715 2654 748 2679 et
761 2658 862 2679 massa
875 2648 965 2679 vicis-

121 2692 189 2728 sim,
212 2699 249 2723 ut
261 2691 419 2732 quantitas
442 2690 547 2721 motus
574 2700 629 2730 per
649 2690 837 2722 celeritatem
851 2691 956 2722 divisa.

124 2734 157 2765 Si
181 2735 368 2775 quantitates
388 2732 492 2763 motus
509 2733 550 2769 Q,
566 2743 596 2773 q,
612 2743 668 2764 seu
685 2733 724 2764 M
742 2733 779 2768 C,
794 2743 828 2763 m
842 2744 868 2771 c,
890 2733 961 2764 fue-

120 2777 184 2807 rint
197 2776 458 2817 aequaleseritM
477 2776 503 2806 C
521 2776 751 2811 =mc,etM:
770 2785 902 2816 mssc:
920 2777 957 2812 C,

121 2829 176 2849 seu
190 2829 300 2849 massae
313 2824 388 2850 sunt
407 2817 563 2857 reciproce
575 2824 612 2849 ut
625 2817 810 2856 celeritates;
832 2825 865 2850 et
878 2819 960 2849 vice-

120 2861 246 2892 versasi
273 2862 499 2892 th=cz
521 2860 558 2896 C,
581 2860 886 2898 eritMC=mc,
908 2872 965 2892 seu

121 2903 147 2933 si
161 2913 271 2934 massae
295 2910 369 2934 sunt
394 2903 429 2933 in
450 2903 568 2934 ratione
582 2903 784 2934 veloeimmm
798 2903 961 2944 reciproca,

119 2946 307 2986 quantitates
319 2944 424 2976 motus
445 2951 518 2976 sunt
539 2945 681 2987 aequalae.
709 2946 863 2977 Praeterea
876 2946 959 2981 cum,

121 2987 190 3030 (5),>v
208 2988 248 3018 sit
271 2989 352 3019 C=
371 2988 416 3019 S:
437 2988 475 3024 T,
499 2989 558 3019 erit
577 2988 671 3019 etiam
695 2989 901 3025 Q=MS=
921 2989 960 3024 T,

130 3041 185 3061 seu
206 3031 389 3069 quantitates
410 3030 512 3061 motus
525 3038 598 3061 sunt
612 3032 644 3060 in
660 3031 777 3061 ratione
791 3030 960 3070 composita

131 3083 169 3103 ex
191 3072 314 3103 directis
335 3073 504 3103 rationibus
523 3083 631 3102 massae
645 3079 676 3102 et
690 3073 777 3111 spatii
793 3078 824 3102 et
838 3071 961 3103 inversa

129 3115 276 3153 temporis
289 3126 298 3151 3
315 3115 486 3144 invenietur
499 3115 590 3145 etiam
606 3115 637 3149 Q
653 3115 738 3145 T=
755 3115 792 3144 M
811 3115 841 3150 S,
860 3115 899 3145 M
913 3127 960 3144 =

134 3157 233 3193 QT:
253 3158 294 3194 S;
319 3156 518 3194 s=QT;
538 3157 586 3192 M,
605 3157 807 3187 T=MS=
829 3157 872 3192 Q·

174 3199 247 3230 Pari
262 3198 406 3229 facilitate
419 3198 619 3229 demonstrari
634 3204 762 3238 possunt
774 3204 883 3230 caetera
893 3199 959 3230 the-

1049 1583 1096 1625 (ᾱ)
1120 1586 1150 1614 7.
1177 1583 1236 1613 Vis
1251 1582 1366 1622 duplex
1382 1589 1437 1618 est,
1465 1584 1565 1614 activa
1579 1589 1611 1614 et
1624 1583 1758 1622 passiva3
1786 1586 1852 1616 Ac-

1005 1626 1066 1656 tiva
1092 1632 1138 1656 est
1161 1625 1300 1664 potentia
1319 1633 1443 1656 motum
1463 1625 1637 1663 efficiendi;
1663 1626 1790 1658 Passiva
1803 1634 1851 1660 est

1005 1668 1144 1708 potentia
1168 1674 1291 1698 motum
1318 1668 1486 1707 recipiendi
1515 1668 1564 1698 vel
1592 1669 1768 1708 amittendi;
1802 1671 1850 1702 vis

1006 1711 1106 1742 activa
1130 1710 1286 1741 subdividi
1307 1710 1385 1741 solet
1406 1710 1440 1740 in
1464 1711 1528 1741 vim
1550 1711 1651 1741 vivam
1675 1723 1749 1753 quae
1773 1723 1849 1744 cum

1005 1759 1094 1784 motu
1115 1753 1228 1783 actuali
1249 1753 1415 1794 conjuncta
1435 1759 1489 1788 est,
1513 1759 1546 1783 et
1558 1753 1592 1783 in
1608 1754 1670 1783 vim
1691 1762 1849 1787 mortuam

1006 1807 1078 1836 quae
1102 1802 1148 1826 est
1172 1794 1295 1826 tantum
1316 1802 1445 1826 conams
1465 1806 1521 1826 seu
1536 1795 1712 1827 sollicitatio
1725 1797 1765 1828 ad
1779 1808 1849 1829 mo-

1008 1846 1087 1874 tum,
1106 1845 1136 1869 et
1150 1848 1188 1868 ex
1203 1838 1266 1879 qua
1291 1846 1396 1869 motus
1420 1838 1550 1869 actualis
1571 1849 1634 1868 non
1654 1839 1848 1878 producitur,

1009 1881 1068 1911 nisi
1082 1881 1128 1911 vis
1142 1887 1273 1911 mortuae
1287 1880 1368 1911 actio
1382 1880 1564 1922 aliquandiu
1585 1881 1619 1911 in
1633 1891 1760 1922 corpore
1774 1893 1849 1913 con-

1009 1924 1131 1955 tinuata
1154 1924 1258 1954 suerit.
1309 1923 1360 1954 Sic
1383 1924 1430 1955 vis
1454 1924 1612 1964 gravitatis
1632 1924 1666 1954 in
1686 1925 1782 1966 globo
1794 1926 1850 1966 qui

1009 1977 1048 1998 ex
1064 1966 1117 1997 filo
1131 1966 1247 2006 pendet
1260 1966 1308 1997 vel
1323 1965 1417 2005 plano
1427 1966 1609 1997 horizontali
1623 1967 1785 2004 incumbit,
1802 1975 1851 1999 est

1005 2010 1052 2040 vis
1065 2016 1197 2044 mortua,
1221 2008 1282 2049 qua
1297 2008 1423 2049 quidem
1444 2015 1517 2039 actu
1531 2019 1595 2039 non
1617 2016 1760 2041 movetur
1779 2010 1850 2052 glo·

1006 2054 1074 2088 bus,
1097 2052 1152 2082 sed
1180 2058 1310 2082 conatur
1337 2051 1455 2082 moveri
1479 2052 1631 2092 filumque
1656 2052 1765 2089 tendit,
1793 2060 1850 2085 aut

1006 2095 1137 2135 planum
1151 2094 1274 2134 premit.
1323 2095 1357 2125 Si
1373 2094 1463 2125 filum
1475 2096 1694 2134 abrumpatur,
1717 2095 1767 2126 vel
1779 2097 1849 2135 pla-

1006 2148 1086 2168 num
1099 2143 1276 2168 sustentans
1285 2137 1453 2173 auferatur,
1469 2137 1539 2168 tum
1553 2138 1702 2169 continua
1715 2139 1850 2179 gravita-

1004 2181 1044 2211 tis
1058 2180 1179 2210 actione
1203 2180 1316 2221 globus
1339 2178 1429 2210 m'otu
1451 2179 1619 2212 accelerato
1640 2180 1732 2211 cadit.
1791 2182 1850 2212 Vis

1005 2222 1068 2264 qua
1092 2233 1204 2262 corpus
1217 2223 1252 2253 in
1273 2223 1381 2254 circuli
1404 2222 1576 2262 peripheria
1595 2229 1730 2259 motum,
1757 2223 1849 2254 filum

1006 2272 1114 2296 centro
1127 2265 1292 2307 alligatum
1312 2266 1420 2301 tendit.
1443 2271 1476 2296 et
1490 2265 1553 2306 qua
1572 2265 1702 2305 proinde
1716 2272 1847 2297 conatur

1005 2318 1024 2338 a
1038 2314 1144 2338 centro
1158 2308 1300 2339 recedere
1310 2314 1357 2339 est
1369 2318 1494 2349 quoque
1508 2308 1555 2338 vis
1567 2314 1700 2338 mortua.

1048 2354 1078 2380 8.
1106 2350 1195 2381 Inest
1214 2351 1300 2381 omni
1320 2351 1458 2381 materiae
1479 2350 1524 2380 vis
1537 2350 1630 2380 insita
1643 2350 1769 2389 passiva,
1792 2360 1849 2382 seu

1003 2392 1122 2428 inertia,
1145 2403 1184 2423 ex
1205 2393 1267 2433 qua
1282 2393 1390 2423 nullus
1409 2398 1522 2427 moturi,
1545 2391 1695 2432 nullaque
1715 2392 1848 2423 tenden-

1003 2435 1049 2465 tia
1073 2435 1113 2465 ad
1137 2438 1261 2465 motm'n
1281 2435 1420 2470 resultat,
1442 2433 1496 2464 sed
1509 2443 1582 2473 quae
1595 2434 1734 2465 consistit
1747 2435 1782 2465 in
1795 2446 1846 2466 re-

1000 2477 1079 2508 nixu
1100 2487 1163 2518 quo
1182 2481 1295 2516 corpus
1314 2476 1484 2517 quodlibet,
1511 2475 1638 2506 cuilibet
1657 2477 1688 2507 vi
1709 2483 1846 2508 externae

1000 2520 1207 2550 mutationem
1241 2519 1347 2555 statim,
1384 2519 1419 2550 id
1446 2524 1502 2553 ost,
1535 2517 1640 2549 motus
1674 2519 1725 2550 vel
1758 2520 1847 2560 quie-

1003 2563 1045 2593 tis
1074 2562 1223 2593 inducere
1253 2562 1379 2594 conanti
1413 2561 1535 2592 resistit.
1593 2561 1722 2592 Etenim
1757 2563 1847 2594 nulla

1003 2611 1104 2645 potest
1131 2615 1196 2636 esse
1219 2606 1299 2637 actio
1322 2604 1456 2645 corporis
1477 2604 1512 2634 in
1537 2613 1657 2643 corpus,
1680 2604 1756 2643 quin
1768 2604 1846 2637 ‘luc-

1007 2648 1084 2679 tatio
1107 2647 1262 2689 quaedam,
1285 2654 1322 2679 ut
1341 2647 1481 2688 loquitur
1497 2646 1580 2678 Clar-
1593 2649 1800 2681 Her-mannus
1813 2652 1847 2680 in

1005 2690 1216 2726 Phor-ommia,
1241 2690 1294 2722 flat
1318 2690 1399 2722 inter
1423 2699 1534 2729 corpus
1558 2699 1654 2730 agens
1668 2696 1700 2720 et
1713 2691 1842 2729 patiens,

1004 2733 1081 2764 dum
1105 2734 1238 2764 alterum
1259 2733 1346 2764 alteri
1367 2732 1491 2769 mistim
1515 2731 1631 2772 alioqui
1651 2741 1763 2771 corpus
1776 2744 1845 2764 mo-

1002 2782 1071 2807 tum
1085 2783 1188 2816 posset
1201 2776 1267 2806 sine
1288 2775 1392 2806 motus
1412 2774 1525 2814 proprii
1547 2773 1740 2812 detrimento,
1756 2775 1844 2807 aliud

1003 2819 1221 2860 quodcumque
1241 2828 1374 2848 movere.
1433 2817 1490 2847 vis
1514 2816 1569 2846 illa
1590 2816 1710 2847 inertiae
1735 2818 1845 2849 eadem

1008 2868 1054 2892 est
1079 2862 1112 2892 in
1138 2861 1317 2901 corporibus
1340 2859 1434 2889 motis
1458 2865 1489 2889 et
1512 2859 1754 2899 quiescentibus;
1777 2867 1844 2892 tam

1008 2904 1093 2934 enim
1116 2905 1263 2934 resistunt
1284 2912 1412 2941 corpora
1435 2901 1550 2932 actioni
1569 2901 1632 2942 quii
1652 2912 1672 2932 a
1684 2903 1789 2943 quiete
1802 2904 1843 2934 ad

1004 2953 1126 2977 motum
1140 2946 1342 2981 concitantur,
1358 2944 1454 2984 quam
1466 2944 1578 2975 actioni
1590 2943 1652 2984 qua
1665 2954 1685 2976 a
1698 2952 1787 2976 motu
1801 2946 1842 2976 ad

1005 2989 1141 3029 quietem
1154 2988 1356 3019 reducuntur.
1404 2985 1526 3017 Eadem
1546 2986 1665 3027 quippe*
1682 2987 1727 3018 vis
1741 2989 1844 3029 nequi.

1002 3032 1082 3062 ritur
1095 3031 1136 3061 ad
1149 3038 1272 3061 motum
1286 3029 1395 3059 datum
1415 3028 1651 3069 producendum
1664 3036 1695 3060 et
1710 3030 1751 3060 ad
1764 3041 1843 3062 eun-

1003 3073 1076 3104 dem
1089 3072 1345 3114 extinguendum.
1385 3071 1470 3108 Quia
1482 3077 1588 3102 autem
1603 3071 1652 3102 vis
1662 3072 1716 3102 illa
1724 3073 1844 3104 inertiae

1004 3116 1113 3147 eadem
1135 3116 1169 3145 in
1194 3114 1339 3145 omnibus
1359 3114 1531 3155 aequalibus
1550 3114 1689 3145 materiae
1703 3116 1842 3154 partibus

1002 3158 1161 3198 reperitur,
1185 3166 1374 3196 consequens
1394 3162 1440 3187 est
1459 3163 1498 3187 ut
1510 3157 1550 3187 sit
1563 3157 1700 3187 materia!
1713 3168 1842 3197 propor-

1003 3200 1141 3239 tionalis3
1164 3199 1261 3240 dupla
1282 3199 1316 3228 in
1330 3199 1431 3230 massa
1451 3199 1618 3239 duplicata,
1634 3199 1726 3238 tripla
1739 3201 1774 3231 in
1788 3200 1842 3231 tri-

937 3242 1015 3273 Ae
