2086 3542
148 219 299 266 Lmzu
327 221 538 274 Pmuus.]
651 221 973 266 PRINCIPIA
1008 222 1501 271 MATHEMATICA.
1801 235 1856 272 65

811 626 1034 671 SECTIO
1064 628 1123 671 11.

564 790 632 831 De
649 789 878 833 Inventione
903 792 1055 834 Vinium
1077 793 1399 847 Centrzpetarum.

522 962 901 1009 PROPOSITIO
930 966 967 1008 Ι.
1026 966 1387 1011 THEOREMA
1417 969 1454 1011 Ι.

123 1073 275 1138 ’,Ανεαῆ
312 1100 408 1141 quas
426 1100 590 1141 corpora
610 1088 652 1128 in
668 1102 790 1143 gyros
808 1095 899 1130 acta
917 1090 1046 1132 radiis
1067 1093 1125 1132 ad
1153 1091 1344 1133 immobile
1361 1099 1532 1136 centrum
1560 1096 1701 1138 virium
1720 1099 1846 1141 ductis

193 1157 427 1207 describunt,
464 1162 501 1198 et
534 1157 579 1198 in
607 1158 749 1212 planis
787 1159 1040 1203 immobilibus
1061 1162 1276 1213 consistere,
1298 1170 1339 1205 et
1363 1179 1442 1207 esse
1471 1167 1705 1221 temporibus
1740 1183 1843 1223 pro-

183 1228 440 1283 portionales.

218 1337 437 1380 Dividatur
469 1341 573 1380 te'm-

119 1419 215 1460 rpus
253 1405 298 1445 in
334 1413 472 1459 partes
516 1420 574 1446 ae-

138 1473 292 1529 quales,
351 1481 393 1514 et
438 1472 574 1528 prima

138 1542 334 1596 temporis
353 1550 471 1597 parte
501 1542 575 1583 de-

138 1612 297 1653 scribat
335 1625 485 1666 corpus
532 1610 575 1651 vi

135 1680 255 1722 insita
283 1688 436 1721 rectam
457 1681 498 1722 A
520 1680 571 1722 B.

138 1751 258 1794 Idem
277 1747 456 1791 secunda
468 1757 572 1790 tem-

131 1967 322 2018 pergeret
341 1958 395 2000 ad
414 1972 448 2008 c,
482 1961 574 2013 (per

129 2031 210 2087 leg.
254 2030 308 2081 1.)
337 2028 573 2071 describens

130 2097 283 2140 lineam
317 2098 356 2139 B
376 2111 399 2137 c
434 2110 572 2151 aequa-

130 2165 213 2207 lem
232 2165 314 2220 ipsi
334 2164 447 2213 AB3
468 2160 573 2204 adei>

129 2242 176 2276 ut
194 2234 319 2276 radiis
342 2234 383 2274 A
406 2233 448 2283 S,
473 2232 511 2273 Β
528 2232 570 2283 S,
604 2261 638 2308 ς
651 2237 694 2294 ,ἐξ
765 2232 832 2288 ξξῖῇβ

128 2319 151 2346 c
174 2305 204 2346 S
223 2303 278 2345 ad
297 2310 486 2344 centrum
505 2315 574 2341 ac·
599 2294 615 2308 ⁸
627 2290 756 2327 ‘³‘ss
790 2296 824 2308 ”“

126 2370 193 2421 tis,
225 2367 422 2411 confectae
436 2366 574 2407 forent
1837 2396 1839 2398 V

125 2440 304 2497 aequales
338 2453 445 2480 areae
475 2437 517 2478 A
540 2437 570 2478 S
591 2434 642 2485 B,
679 2434 716 2475 B
740 2433 769 2477 S
789 2447 824 2472 c.
885 2429 1043 2472 Verfim
1073 2430 1146 2471 ubi
1178 2445 1327 2485 corpus
1359 2431 1472 2472 venit
1499 2432 1553 2472 ad
1574 2432 1625 2482 B,
1657 2439 1754 2488 agat
1779 2436 1839 2473 vis

106 2505 353 2565 ‘centripeta
385 2507 565 2563 impulsu
593 2505 717 2547 unico
748 2502 822 2545 sed
852 2517 1017 2559 magn0‚
1050 2501 1277 2557 efficiatque
1306 2510 1354 2543 ut
1381 2516 1530 2558 corpus
1550 2504 1604 2545 de
1622 2511 1736 2545 recta
1755 2503 1794 2545 B
1814 2517 1838 2544 c

125 2581 302 2623 declinet
336 2587 378 2622 et
402 2585 548 2635 pergat
579 2577 624 2617 in
653 2573 764 2616 recta
786 2573 824 2615 B
847 2573 897 2615 C.
957 2572 1045 2627 Ipsi
1067 2573 1104 2614 B
1127 2573 1158 2615 S
1176 2573 1373 2627 parallela
1401 2581 1546 2631 agatur
1565 2589 1589 2618 c
1611 2574 1661 2625 C,'
1691 2588 1837 2616 occur-

126 2666 221 2693 rens
243 2652 281 2693 B
304 2651 340 2692 C
359 2651 403 2691 in
425 2649 480 2699 C3
511 2656 552 2689 et
585 2644 787 2701 completa
821 2644 999 2686 secunda
1031 2645 1226 2699 temporis
1255 2654 1384 2700 parte,
1416 2661 1564 2701 corpus
1585 2650 1677 2701 (per
1694 2647 1835 2704 legum

126 2722 265 2764 Corol.
290 2721 345 2774 1.)
381 2720 612 2775 reperietur
646 2717 691 2757 in
731 2717 780 2766 C,
816 2717 860 2757 in
880 2715 1026 2757 eodem
1048 2715 1119 2771 (a)
1149 2716 1276 2770 plano
1308 2723 1418 2758 cum*
1436 2717 1644 2774 triangulo
1658 2719 1706 2762 ,A
1727 2719 1759 2760 S
1774 2718 1831 2759 B.

125 2793 263 2850 Junge
299 2793 329 2834 S
351 2791 406 2841 C3
437 2798 478 2832 et
507 2787 760 2845 triangulum
797 2787 827 2828 S
849 2786 886 2828 B
910 2786 959 2837 C,
991 2786 1045 2827 ob
1074 2787 1290 2840 parallelas
1314 2788 1343 2829 S
1366 2789 1416 2838 B,
1455 2789 1492 2830 C
1513 2803 1548 2838 c,
1580 2788 1736 2846 aequale
1755 2789 1835 2831 erit

172 2935 237 2980 (ι)
264 2940 334 2969 171.
354 2915 356 2918 r
383 2937 550 2977 Reperitur
576 2936 610 2966 in
628 2936 664 2972 C,
681 2935 714 2966 in
729 2934 838 2965 eodem
862 2934 957 2973 plano
997 2935 1092 2975 plano
1115 2934 1391 2975 parallelogrammi
1416 2933 1446 2962 V
1471 2924 1501 2963 B'
1522 2942 1540 2962 c
1565 2932 1601 2967 C,
1625 2932 1714 2972 cujus
1737 2932 1833 2962 latera

127 2992 201 3014 cum
222 2979 377 3020 triangulo
394 2980 422 3010 A
442 2981 464 3010 S
491 2981 543 3017 133
579 2989 651 3009 nam
677 2977 846 3018 diagonalis
864 2978 892 3007 B
918 2977 953 3011 C,
1001 2979 1031 3008 B
1049 2978 1089 3013 V,
1110 2979 1137 3008 B
1153 2988 1179 3014 c,
1196 2978 1310 3007 viribus
1324 2975 1468 3014 separatis
1482 2975 1690 3011 describenda,
1709 2974 1830 3005 suntin

125 3022 348 3096 quassox-inkus
361 3021 530 3062 conjunctis
553 3020 667 3052 mobile
692 3019 842 3057 describit,
865 3025 910 3050 δὲ
924 3019 990 3084 inE
998 3021 1092 3060 plano
1108 3019 1256 3061 trianguli
1274 3019 1303 3049 A
1322 3019 1343 3049 S
1360 3018 1400 3049 B.
