2086 3542
698 249 855 283 INDEX
881 244 1303 289 PROPOSITIONUM.

217 365 358 397 PnoP.
371 366 500 399 var
525 367 705 402 THEOR.
719 359 853 404 xxvr.

153 422 186 453 Si
201 432 328 462 corpora
347 425 405 454 tria
425 435 557 465 quorum
578 426 657 457 vires
671 427 849 461 decrescunt
862 431 897 462 in

192 465 350 505 duplicata
362 468 479 497 ratione
493 468 716 508 distantiarum,
736 468 896 505 se'mutuo

191 509 334 547 trahant;
357 515 389 539 et
402 511 598 542 attractiones
611 513 835 545 acceleratrices
848 517 895 547 bi-

189 559 302 580 norum
313 561 571 594 quorumcunque
584 554 618 584 in
631 556 755 586 tertium
769 557 831 588 sint
845 558 893 588 in.

189 597 236 622 ter
245 594 444 633 tte-reciproce
455 596 648 638 utquadmta
658 598 870 630 distantiarum
879 613 891 640 ;

186 634 308 666 minora
327 642 432 667 autem
446 637 528 668 circa
541 639 712 670 maximum
733 643 891 673 revolvan-

185 681 254 708 tur:
279 677 349 709 dico
361 680 445 720 quod
459 680 588 711 interius
601 683 682 713 circa
701 684 846 715 intimum
860 692 891 717 et

185 720 367 757 maximum,
383 722 476 752 radiis
485 723 525 754 ad
538 724 641 762 ipsum
652 725 761 761 ductis,
778 727 890 758 descri-

184 762 235 791 bet
241 773 326 793 areas
333 765 522 803 temporibus
532 767 631 806 magis
638 769 886 807 proportionales,

183 810 215 833 et
224 804 356 845 figuram
365 806 404 837 ad
414 807 544 838 sormam
553 809 694 848 ellipseos
706 812 887 843 umbilicum

181 845 216 875 in
231 857 383 879 concursu
398 849 554 880 radiorum
573 852 711 883 habentis
726 855 823 894 magis
836 865 886 885 ac-

180 888 352 928 cedentem,
367 891 394 921 si
409 901 519 931 corpus
527 894 698 925 maximum
714 896 762 926 his
776 902 885 928 attrac-

179 930 316 962 tionibus
324 933 466 974 agitetur,
477 935 572 975 quam
586 936 612 966 si
626 939 796 968 maximum
806 939 886 971 illud

179 973 228 1003 vel
241 985 260 1005 a
274 976 445 1006 minoribus
466 987 529 1008 non
551 985 713 1010 attractum
737 981 882 1021 quiescat,

177 1015 227 1046 vel
254 1017 355 1048 multo
380 1018 486 1049 minus
510 1020 559 1050 vel
580 1021 682 1052 multo
709 1024 809 1064 magis
837 1032 883 1055 at-

176 1063 327 1097 tractum;
357 1068 412 1091 aut
439 1061 540 1093 multo
568 1063 675 1095 minus
702 1072 757 1095 aut
781 1066 882 1098 multo

920 331 1040 377 m„

1774 275 1859 313 429

1050 421 1056 425 Ι
1084 380 1373 413 PRORLXXI.
1401 384 1582 416 THEOR.
1600 387 1732 420 XXXI.
1787 367 1840 393 Μ

1017 436 1133 469 Iisdem
1154 439 1270 478 positis,
1296 439 1366 470 dico
1379 441 1464 481 quod
1478 445 1695 482 corpusculum
1712 457 1766 477 ex-

1055 487 1103 511 tra
1126 481 1306 527 sphaerijam
1335 484 1530 521 superficiem
1559 488 1763 519 constitutum

1056 524 1221 554 attrahitur
1242 523 1282 554 ad
1304 532 1444 556 centrum
1470 528 1613 567 sphaerae;
1637 530 1667 559 vi
1690 532 1765 561 reci-

1055 564 1149 605 proce
1178 567 1398 605 proportionali
1430 569 1579 608 quadrato
1614 571 1766 603 distantiae

1059 618 1124 639 suae
1138 609 1178 639 ab
1191 607 1299 639 eodem
1321 615 1426 640 centro
1428 632 1761 648 ........................
1784 620 1846 648 358

1054 687 1193 720 PROP.
1210 689 1362 721 LXXII.
1385 691 1566 723 THEOR.
1583 694 1743 727 XXXII.

1011 744 1099 775 Siad
1113 747 1240 784 sphaerae
1255 746 1390 787 cujusvis
1408 755 1526 787 puncta
1547 749 1670 791 singula
1691 759 1759 783 teu-

1048 786 1125 817 dant
1138 789 1218 819 vires
1230 789 1364 829 aequales
1385 791 1560 831 centripetae
1581 792 1758 825 decrescen-

1047 835 1093 859 tes
1114 831 1148 859 in
1171 831 1330 870 duplicata
1354 833 1472 863 ratione
1495 834 1712 866 distantiarum
1736 848 1755 868 a

1046 872 1188 910 punctis3
1211 883 1248 903 ac
1262 874 1352 903 detur
1373 873 1442 904 tum
1463 877 1590 915 sphaerae
1611 878 1754 916 densitas,

1045 912 1116 944 tum
1129 915 1209 945 ratio
1224 915 1364 947 diametri
1379 918 1506 956 sphaerae
1519 919 1560 950 ad
1574 919 1751 951 distantiam

1045 957 1219 996 corpusculi
1232 968 1252 987 a
1266 965 1371 989 centro
1394 959 1478 1000 ejus:
1508 961 1579 992 dico
1603 962 1688 1002 quod
1707 964 1754 993 vis

1043 999 1104 1038 qua
1119 1000 1338 1038 corpusculum
1353 1002 1524 1039 attrahitur,
1541 1005 1754 1044 proportiona-

1042 1040 1082 1071 lis
1095 1041 1154 1072 erit
1167 1042 1408 1075 semi-diametro
1428 1046 1563 1084 sphaerae.
1567 1066 1748 1079 .............
1771 1053 1835 1081 860

173 1101 275 1142 magis
295 1102 428 1143 agitetur
428 1125 876 1141 ................................
900 1114 964 1141 324
1022 1117 1120 1150 PRO
1129 1120 1163 1150 P,
1179 1120 1355 1152 LXXIII.
1383 1122 1564 1155 THEOR.
1576 1124 1753 1158 XXXIII.

175 1170 316 1203 PROP.
331 1173 480 1205 LXVII.
506 1175 689 1207 THEOR..
707 1178 859 1211 XXVII.

133 1225 247 1257 Positis
274 1227 383 1259 iisdem
407 1231 623 1261 attractionum
647 1232 777 1274 legibuS‚
808 1235 879 1266 dico

171 1269 256 1309 quod
269 1280 380 1310 corpus
395 1271 528 1303 exterius
544 1274 575 1308 S,
599 1275 679 1305 circa
698 1276 878 1308 interiorum

173 1311 203 1342 P
224 1313 263 1350 T,
293 1316 459 1345 commune
484 1317 640 1356 gravitatis
662 1324 803 1349 centrum
833 1321 874 1358 0,

169 1354 262 1386 radiis
276 1355 317 1385 ad
338 1363 477 1387 centrum
500 1358 578 1389 illud
599 1360 709 1397 ductis,
733 1360 876 1394 describit

168 1407 253 1428 areas
267 1400 456 1437 temporibus
470 1402 569 1441 magis
582 1403 823 1441 proportionales
843 1411 875 1436 et

167 1441 273 1470 orbem
288 1440 327 1471 ad
342 1441 472 1472 formam
488 1443 629 1482 ellipseos
644 1445 874 1478 umbilicum'in

167 1488 273 1513 centro
285 1483 395 1514 eodem
406 1486 544 1516 habentis
555 1487 654 1528 magis
665 1489 871 1527 accedentem,

165 1523 260 1564 quam
275 1526 354 1556 circa
368 1536 479 1566 corpus
494 1529 638 1559 intimum
655 1536 686 1560 et
701 1532 872 1562 maximum

167 1566 207 1603 T,
237 1568 329 1598 radiis
356 1569 396 1599 ad
425 1572 527 1609 ipsum
556 1571 666 1609 ductis,
703 1573 873 1606 describere

163 1615 262 1647 potest
263 1632 866 1649 ...........................................

123 1680 264 1713 PROP.
281 1664 459 1715 vam.
488 1685 667 1717 THEOR.
688 1687 868 1720 xxvm.

123 1736 236 1767 Positis
264 1737 373 1768 iisdem
398 1739 615 1772 attractionum
640 1743 768 1783 legibus,
799 1744 869 1776 dico

160 1779 246 1818 quod
258 1790 369 1820 corpus
383 1784 516 1813 exterius
533 1784 564 1820 S,
587 1785 667 1815 circa
686 1787 868 1818 interiorum

163 1821 193 1851 P
206 1828 238 1852 et
253 1823 291 1859 T,
307 1833 473 1855 commune
486 1827 642 1865 gravitatis
656 1835 796 1858 centrum
821 1830 864 1866 O,

160 1863 252 1894 radiis
267 1866 306 1895 ad
320 1872 460 1896 centrum
486 1867 564 1898 illud
588 1869 697 1906 ductis,
724 1870 867 1902 describit

159 1916 244 1936 areas
254 1909 441 1946 temporibus
454 1909 554 1950 magis
566 1913 816 1949 proportio't‘iales¹
834 1920 866 1944 et

159 1950 264 1978 orbem
279 1950 318 1979 ad
334 1950 464 1980 formam
479 1952 620 1990 ellipseos
634 1954 816 1985 umbilicum
830 1956 865 1986 in

158 1998 264 2022 centro
278 1991 386 2022 eodem
393 1994 537 2023 habentis
547 1995 647 2035 magis
657 1996 864 2036 accedentem,

157 2033 183 2062 si
198 2044 309 2072 corpus
331 2035 476 2065 intimum
499 2042 530 2066 et
551 2037 722 2068 maximum
748 2040 796 2070 his
817 2048 865 2071 at·

156 2075 355 2106 tractionibus
363 2077 490 2116 perinde
500 2084 592 2117 atque
602 2086 711 2110 caetera
720 2082 862 2122 agitetur,

156 2117 251 2157 quam
262 2119 287 2148 si
298 2119 331 2149 id
341 2119 388 2149 vel
403 2129 465 2149 non
481 2127 645 2152 attractum
659 2123 802 2163 quiescat,
814 2125 862 2155 vel

154 2159 257 2191 mult&
272 2162 370 2202 magis
390 2169 445 2192 aut
464 2162 563 2194 multo
580 2164 685 2195 minus
699 2173 863 2198 attractum

155 2209 211 2233 aut
218 2202 319 2234 mult&
324 2204 422 2245 magis
430 2211 485 2235 aut
493 2205 593 2236 multd
601 2207 708 2239 minus
718 2210 862 2250 agitetur.
881 2214 946 2243 353

891 1620 954 1650 352

171 2274 308 2306 PROP.
324 2276 453 2307 LXIX.
481 2278 661 2310 THEOR.
676 2280 816 2311 XXIX.

113 2330 154 2360 ln
169 2335 332 2369 systemate
352 2342 515 2372 corporum
534 2335 673 2373 plurium
697 2337 739 2373 A,
758 2337 800 2374 B,
819 2337 858 2376 C,

155 2372 199 2408 D,
215 2373 271 2403 &c-
319 2374 351 2404 Si
373 2377 630 2417 corpus.aliquod
646 2379 677 2408 A
693 2379 784 2409 trahit
798 2390 858 2410 cae-

152 2420 218 2444 tera
231 2416 336 2446 omnia
350 2417 390 2455 B,
410 2419 447 2455 C,
466 2420 509 2456 D,
526 2421 582 2450 &c.
605 2420 721 2451 viribus
742 2422 858 2452 accele-

153 2457 312 2488 ratricibus
321 2469 391 2498 quae
405 2467 479 2491 sunt
492 2461 646 2501 reciproce
660 2469 696 2493 ut
710 2464 858 2503 quadrata

152 2499 364 2531 distantiarum
383 2512 402 2532 a
421 2505 569 2539 trahente,
593 2513 625 2535 et
645 2507 756 2545 corpus
770 2507 857 2538 aliud

154 2542 182 2571 Β
198 2542 290 2573 trahit
304 2544 397 2574 etiam
411 2552 520 2577 caetera
533 2548 574 2584 A,
594 2548 630 2583 C,
651 2549 692 2583 D,
710 2549 764 2579 διο.
784 2549 855 2579 viri-

149 2584 208 2614 bus
228 2594 299 2624 quae
319 2593 393 2617 sunt
413 2588 565 2628 reciproce
580 2596 615 2620 ut
629 2590 778 2630 quadrata
792 2591 855 2621 dis-

88 2625 90 2627 ’
148 2626 316 2658 tantiarum
344 2639 363 2659 a
391 2631 549 2670 nabent&
587 2639 677 2663 erunt
705 2633 854 2664 absolutae

147 2678 311 2708 corporum
335 2673 523 2703 trahentium
547 2674 589 2711 A,
609 2675 638 2705 Β
659 2675 737 2706 vires
751 2676 791 2706 ad
805 2677 854 2706 in-

147 2710 256 2748 vicem,
265 2718 302 2743 ut
312 2721 384 2745 sunt
395 2715 460 2754 ipsa
470 2725 597 2755 corpora
612 2718 651 2754 A,
667 2717 706 2754 B,
719 2728 853 2759 quorum

145 2759 220 2783 sunt
232 2755 317 2784 viros
318 2775 850 2793 ......................................

189 2810 331 2843 PROP.
345 2813 460 2846 LXX.
486 2816 669 2848 THEOR.
686 2818 797 2849 XXX.

106 2865 139 2896 Si
153 2865 193 2896 ad
214 2867 368 2905 sphaericae
390 2870 561 2909 superficiei
583 2879 701 2911 puncta
725 2874 849 2914 singula

144 2908 272 2940 tendant
292 2911 372 2941 vires
394 2913 525 2952 equales
545 2916 722 2953 centripetae
744 2915 847 2947 decre-

143 2957 260 2982 scentes
273 2951 307 2982 in
321 2953 477 2992 duplicata
495 2956 612 2988 ratione
633 2957 849 2989 distantiarum

142 3002 162 3022 a
175 2995 314 3032 punctis:
340 2995 410 3026 dieo
429 2997 512 3035 quod
531 3001 751 3038 corpusculum
766 3000 847 3030 intra

141 3035 333 3074 superficiem
342 3039 543 3070 constitutum
549 3042 597 3071 his
603 3042 717 3072 viribus
729 3043 847 3073 nullam

143 3076 176 3106 in
189 3084 307 3117 partem
321 3081 482 3111 attrahitur
483 3103 844 3117 ..........................
869 3087 931 3116 357

874 2764 936 2794 :354

1001 1175 1034 1206 Si
1048 1177 1088 1207 ad
1102 1179 1228 1217 sphaerae
1242 1179 1373 1221 alicujus
1386 1181 1466 1212 datae
1487 1188 1604 1221 puncta
1625 1184 1752 1225 singula

1039 1221 1168 1251 tendant
1189 1223 1321 1262 aequales
1346 1223 1424 1253 vires
1444 1225 1622 1264 centripetae
1642 1227 1748 1258 decre-

1039 1269 1156 1293 scentes
1170 1264 1203 1294 in
1217 1265 1372 1303 duplicata
1393 1267 1511 1297 ratione
1532 1268 1746 1300 distantiarum

1037 1315 1057 1334 a
1070 1307 1210 1343 punctis:
1241 1307 1309 1337 dico
1330 1308 1412 1348 quod
1435 1310 1652 1349 corpusculum
1667 1312 1748 1343 intra

1037 1348 1186 1385 sphaeram
1211 1350 1411 1380 constitutum
1435 1352 1599 1382 attrahitur
1621 1353 1651 1383 vi
1676 1365 1747 1393 pro=

1035 1390 1198 1428 portionali
1212 1391 1364 1422 distantiae
1378 1403 1443 1423 suae
1457 1395 1496 1424 ab
1510 1394 1606 1434 ipsius
1619 1405 1735 1428 centro.
1762 1403 1824 1431 561

1014 1468 1152 1500 PROP.
1169 1471 1337 1503 Lxxw.
1368 1473 1550 1506 THEOR.
1567 1455 1732 1508 axxlv

995 1525 1109 1556 Iisdem
1124 1528 1238 1566 positis,
1252 1528 1321 1560 dico
1331 1530 1414 1571 quod
1426 1531 1645 1570 corpusculum
1657 1541 1744 1565 extra

1033 1569 1182 1607 sphaeram
1205 1572 1407 1602 constitutum
1432 1575 1594 1604 attrahitur
1608 1575 1638 1605 vi
1658 1577 1743 1607 reci-

1032 1611 1123 1649 proce
1132 1614 1351 1651 proportionali
1360 1616 1509 1655 quadrato
1515 1616 1666 1648 distantiae
1674 1629 1740 1649 suae

1031 1655 1070 1683 ab
1083 1654 1180 1693 ipsius
1193 1662 1306 1687 centro.
1313 1679 1732 1694 ..............................
1746 1662 1823 1694 ibid.

1032 1724 1170 1756 PROP.
1186 1727 1335 1758 LXXV.
1364 1728 1546 1760 THEOR..
1562 1730 1708 1763 XXXV.

988 1779 1022 1809 si
1036 1780 1075 1810 ad
1089 1782 1215 1820 sphaerae
1229 1782 1308 1813 datae
1323 1789 1438 1823 puncta
1459 1784 1582 1825 singula
1603 1786 1736 1819 tendant

1027 1823 1105 1853 vires
1119 1824 1252 1864 aequales
1266 1826 1451 1865 centripetae,
1472 1827 1681 1859 decrescentes
1701 1830 1735 1860 in

1028 1865 1185 1904 duplicata
1198 1868 1317 1898 ratione
1338 1868 1553 1900 distantiarum
1567 1881 1587 1901 a
1599 1873 1733 1910 punctis,

1026 1907 1096 1937 dico
1110 1909 1194 1948 quod
1209 1911 1327 1948 sphaera
1340 1912 1456 1950 quaevis
1469 1912 1530 1941 alia
1544 1913 1685 1944 similaris
1695 1916 1735 1945 ab

1026 1949 1134 1979 eadem
1148 1952 1310 1981 attrahitur
1331 1953 1360 1981 vi
1382 1954 1536 1992 reciproce
1559 1957 1734 1995 proportio-

1025 1991 1089 2021 nali
1102 1993 1250 2032 quadrato
1265 1993 1416 2025 distantiae
1431 2002 1606 2027 centrorum
1609 2019 1730 2031 .........
1753 2004 1818 2033 562

1007 2058 1146 2090 PROP.
1160 2060 1326 2092 LXXVI.
1351 2063 1532 2095 THEOR.
1548 2066 1718 2099 XXXVI.

984 2115 1017 2146 Si
1031 2118 1159 2155 sphaerae.
1174 2118 1205 2148 in
1220 2128 1383 2159 progressu
1397 2131 1416 2150 a
1430 2127 1536 2152 centro
1550 2123 1590 2153 ad
1601 2123 1732 2156 circum-

1022 2159 1185 2190 ferentiam
1202 2162 1318 2202 (quoad
1339 2163 1475 2194 materiae
1496 2164 1677 2196 densitatem
1699 2175 1731 2198 et

1022 2202 1084 2231 vim
1108 2203 1311 2243 attractivam)
1339 2211 1499 2246 utcunque
1522 2206 1728 2247 dissimilares,

1021 2243 1054 2273 in
1069 2254 1231 2285 progressu
1245 2245 1316 2276 verti
1330 2257 1384 2286 per
1392 2249 1556 2278 circuitum
1571 2250 1610 2279 ad
1625 2250 1730 2281 datam

1021 2296 1146 2317 omnem
1161 2298 1180 2317 a
1193 2294 1298 2318 centro
1313 2288 1488 2320 distantiam
1503 2298 1576 2321 sunt
1590 2293 1730 2333 undique

1021 2329 1186 2367 similares3
1214 2337 1245 2360 et
1268 2332 1312 2361 vis
1332 2333 1488 2363 attractiva
1501 2335 1609 2372 puncti
1623 2336 1727 2376 cujus-

1018 2381 1079 2411 que
1108 2372 1253 2403 decrescit
1280 2373 1313 2403 in
1342 2374 1498 2414 duplicata
1523 2377 1641 2407 ratione
1662 2378 1726 2408 dis-

1018 2415 1123 2443 tantiae
1133 2416 1265 2453 corporis
1273 2417 1409 2447 attracti:
1424 2417 1493 2447 dico
1504 2419 1587 2458 quod
1595 2420 1641 2450 vis
1651 2427 1725 2459 tota,

1019 2455 1082 2495 qua
1096 2458 1274 2497 hujusmodi
1289 2460 1409 2498 sphaera
1422 2469 1486 2490 una
1494 2462 1619 2492 attrahit
1632 2462 1724 2493 aliam

1018 2498 1057 2528 sit
1071 2499 1228 2538 reciproce
1249 2502 1484 2540 proportionalis
1498 2504 1647 2543 quadrato
1661 2506 1722 2536 dis-

1017 2541 1120 2571 tantiae
1135 2548 1312 2573 centrorum
1313 2564 1718 2579 .............................
1742 2553 1803 2580 364

977 2626 1115 2658 PROP.
1129 2628 1317 2660 LXXVII.
1337 2630 1521 2662 THEOR.
1535 2632 1726 2665 XXXVII.

975 2683 1008 2714 Si
1030 2685 1070 2716 ad
1091 2686 1216 2726 singula
1237 2688 1427 2726 sphaerarum
1450 2696 1564 2728 puncta
1593 2690 1721 2723 tendant

1014 2727 1091 2758 vires
1105 2729 1282 2768 centripetae
1307 2731 1547 2770 proportionales
1568 2732 1720 2765 distantiis

1012 2776 1200 2808 punctorum
1225 2782 1244 2802 a
1267 2773 1444 2812 corporibus
1468 2775 1617 2806 attractis:
1650 2776 1720 2807 dico

1012 2812 1096 2852 quod
1110 2813 1156 2843 vis
1169 2814 1347 2853 composita,
1371 2814 1434 2855 quii
1454 2818 1580 2856 sphaerae
1594 2818 1665 2848 duae
1686 2829 1718 2850 se

1011 2855 1123 2885 mutuo
1159 2857 1290 2892 trahent,
1328 2865 1376 2888 est
1404 2864 1441 2888 ut
1468 2859 1611 2890 distantia
1638 2861 1719 2892 inter

1011 2904 1115 2927 centra
1134 2899 1323 2936 sphaerarum
1326 2921 1715 2936 ............................
1736 2908 1800 2937 366

973 2982 1327 3016 PROP.LXXVIII.
1343 2986 1525 3019 THEOR.
1533 2988 1739 3039 XXXVIII.

969 3039 1002 3070 Si
1018 3041 1142 3078 sphaerae
1158 3041 1192 3070 in
1205 3052 1368 3083 progressu
1382 3054 1401 3074 a
1410 3050 1516 3075 centro
1529 3045 1569 3076 ad
1583 3045 1716 3076 circum-

1009 3082 1172 3113 ferentiam
1196 3085 1257 3115 sint
1281 3092 1442 3127 utcunque
1469 3087 1663 3118 dissimilares
1684 3094 1715 3118 et
