2086 3542
221 254 275 291 30
619 243 1071 288 PHILOSOPHIAE
1103 242 1464 286 NATURALIS
1613 243 1810 293 [Ame.
1832 252 1928 282 srvr.
1971 262 1974 266 Δ

218 361 297 403 hoc
316 368 458 404 centro
477 361 686 402 communi
704 361 749 402 in
768 360 927 402 ratione
947 357 1055 400 dat-⁸³.
1124 358 1320 400 Similiter
1339 366 1381 399 et
1399 371 1618 399 commune
1638 363 1827 397 centrum
1851 354 1930 396 ho-

217 448 313 475 rum
332 432 511 476 duorum
536 440 579 474 et
596 432 707 474 tertii
741 431 916 487 cujusvis
935 430 1002 472 vel
1021 429 1195 486 quiescit
1213 426 1279 471 vel
1306 428 1572 485 progreditur
1600 426 1859 469 uniformiter
1877 427 1928 479 ‚in

216 503 322 546 linea
342 502 472 553 rectfi3
502 511 724 559 propterea
743 501 855 558 quod
874 493 927 542 ab
947 515 997 542 eo
1017 499 1213 541 dividitur
1233 499 1427 540 distantia
1441 499 1572 540 centri
1592 498 1821 540 communis
1835 513 1928 539 cor-

213 588 365 629 porum
384 573 562 615 duorum
581 580 623 614 et
642 572 772 613 centri
792 570 976 626 corporis
996 570 1107 612 tertii
1125 570 1170 610 in
1195 567 1290 610 data
1310 569 1482 610 ratione.
1558 569 1720 611 Eodem
1738 569 1865 611 modo
1885 577 1928 611 et

215 659 435 686 commune
454 651 641 686 centrum
660 642 811 683 horum
830 642 956 682 trium
975 649 1018 683 et
1034 641 1172 698 quarti
1198 639 1374 696 cujusvis
1393 641 1458 683 vel
1478 641 1652 697 quiescit
1668 640 1734 682 vel
1751 655 1926 697 progre-

214 715 326 757 ditur
343 714 603 756 uniformiter
621 714 665 754 in
684 712 792 755 linea
813 711 942 763 rectfi3
971 719 1194 768 propterea
1213 711 1326 768 quod
1354 712 1407 753 ab
1432 727 1484 754 eo
1509 712 1706 754 dividitur
1729 712 1927 755 distantia

212 786 321 828 inter
334 793 523 828 centrum
543 799 761 826 commune
781 783 907 825 trium
926 791 968 825 et
987 790 1176 824 centrum
1202 781 1339 838 quarti
1357 782 1402 822 in
1426 781 1522 823 data
1541 782 1714 834 ratione,
1743 790 1786 824 et
1803 783 1864 824 sic
1881 782 1926 825 in

211 856 432 898 infinitum.
505 856 639 913 Igitur
663 856 707 896 in
739 862 958 911 systemate
985 868 1208 910 corporum
1234 868 1328 909 quae
1353 852 1581 895 actionibus
1609 854 1653 894 in
1678 869 1723 896 se
1748 854 1925 897 invicem

211 926 383 983 aliisque
402 924 594 968 omnibus
614 926 658 967 in
685 941 729 968 se
749 926 1003 967 extrinsecus
1031 925 1241 980 impressis
1262 923 1432 965 omnino
1451 931 1609 974 vacant,
1636 923 1813 981 ideoque
1833 940 1926 969 mo-

210 1004 359 1040 ventur
378 997 540 1054 singula
564 997 824 1039 uniformiter
847 997 892 1037 in
918 996 1039 1038 rectis
1061 996 1247 1052 singulis,
1275 1010 1495 1037 commune
1517 995 1709 1037 omnium
1734 1003 1925 1038 centrum

209 1068 420 1125 gravitatis
442 1067 505 1109 vel
525 1067 698 1124 quiescit
716 1067 782 1109 vel
800 1074 990 1108 movetur
1009 1066 1268 1107 uniformiter
1287 1066 1331 1107 in
1350 1066 1566 1108 directum.

269 1139 316 1194 (r)
350 1138 483 1179 Porro
503 1137 547 1178 in
567 1145 788 1193 systemate
808 1137 987 1178 duorum
1006 1151 1226 1192 corporum
1253 1137 1297 1177 in
1323 1152 1367 1178 se
1392 1137 1569 1179 invicem
1595 1137 1806 1194 agentium
1825 1135 1923 1179 cum

209 1208 416 1250 distantiae
435 1214 673 1249 centrorum
691 1207 905 1263 utriusque
925 1222 951 1248 a
970 1207 1179 1248 communi
1213 1207 1423 1263 gravitatis
1444 1215 1587 1249 centro
1606 1208 1689 1249 sint
1714 1207 1926 1263 reciproce

210 1286 257 1321 ut
276 1293 468 1334 corpora3
499 1285 622 1319 erunt
646 1285 783 1319 motus
809 1277 969 1319 relativi
995 1292 1217 1332 corporum
1243 1278 1496 1328 eorumdem,
1525 1278 1591 1320 vel
1618 1277 1843 1320 accedendi
1868 1278 1925 1321 ad

208 1356 399 1412 centrum
432 1348 549 1399 illud,
583 1348 649 1390 vel
668 1348 722 1389 ab
748 1347 895 1390 eodem
922 1347 1156 1398 recedendi,
1179 1347 1357 1403 aequales
1377 1348 1485 1390 inter
1505 1363 1561 1390 se.
1623 1348 1806 1391 Proinde
1825 1363 1924 1391 cen-

209 1427 322 1462 trum
342 1418 446 1460 illud
465 1433 491 1459 a
509 1425 698 1459 motuum
726 1418 952 1474 aequalibus
979 1418 1274 1459 mutationibus
1301 1417 1345 1458 in
1363 1426 1501 1472 partes
1534 1419 1759 1460 contrarias
1791 1418 1922 1471 factis,

208 1498 330 1546 atque
349 1488 444 1530 ideo
463 1489 516 1530 ab
543 1488 772 1530 actionibus
791 1488 943 1529 horum
968 1503 1191 1543 corporum
1215 1488 1324 1529 inter
1359 1504 1416 1539 se,
1438 1503 1516 1530 nec
1534 1496 1815 1543 promovetur,
1842 1504 1922 1533 nec

209 1559 452 1611 retardatur,
473 1573 551 1601 nec
566 1559 835 1601 mutationem
850 1559 1006 1614 patitur
1020 1558 1064 1599 in
1090 1566 1199 1600 statu
1218 1573 1294 1600 suo
1315 1558 1452 1615 quoad
1467 1566 1627 1600 motum
1642 1558 1706 1600 vel
1727 1559 1921 1615 quietem.

207 1678 251 1714 K,
267 1678 485 1718 perpendicula
502 1679 538 1710 H
553 1678 585 1717 h,
609 1679 642 1710 K
656 1679 687 1715 k.
710 1679 890 1718 excitentur,
914 1679 954 1710 ob
969 1688 1037 1710 mo-
1082 1682 1167 1708 uum
1191 1672 1271 1708 iliud
1297 1678 1342 1713 H,
1375 1679 1536 1708 moveatur
1558 1673 1592 1707 in
1607 1675 1768 1708 communi
1791 1674 1920 1707 illorum

204 1728 271 1752 tum
294 1722 481 1753 uniformem
506 1727 693 1761 punctorum
718 1722 749 1752 A
771 1728 802 1752 et
826 1723 865 1756 B.
894 1722 928 1752 in
949 1720 1039 1752 lineis
1082 1720 1245 1758 planorum
1266 1719 1306 1750 ad
1329 1719 1389 1750 alia
1402 1730 1458 1758 pro
1472 1719 1575 1750 lubitu
1589 1727 1746 1759 assumpta
1756 1718 1920 1760 perpendi.

208 1764 239 1794 A
257 1763 296 1801 C,
321 1764 350 1794 B
369 1764 412 1800 D,
435 1764 560 1795 evidens
581 1771 627 1795 est
648 1771 762 1803 puncta
776 1774 795 1795 a
809 1770 840 1795 et
861 1765 891 1800 b,
918 1763 1038 1794 unifor-
1078 1762 1235 1792 cularium
1257 1762 1480 1798 intersectione,
1505 1771 1576 1802 quae
1589 1772 1662 1792 cum
1678 1762 1717 1792 sit
1730 1762 1814 1793 linea
1834 1770 1919 1795 recta

205 1805 297 1836 miter
309 1806 425 1836 moveri
439 1806 472 1836 in
486 1806 576 1837 lineis
590 1817 609 1837 a
619 1816 646 1843 c,
663 1808 683 1838 b
694 1805 725 1844 d,
741 1813 772 1837 et
785 1806 858 1847 quia
874 1807 905 1836 A
920 1816 948 1842 a,
964 1806 993 1837 B
1005 1807 1026 1837 b
1076 1797 1118 1833 ‘H
1139 1804 1180 1840 Κ,
1197 1804 1348 1843 positione
1363 1803 1445 1841 data,
1468 1810 1500 1834 et
1519 1810 1672 1842 punctum
1686 1805 1716 1839 h,
1733 1815 1788 1844 per
1801 1811 1918 1836 rectam

211 1846 247 1876 H
262 1847 293 1881 h,
310 1846 464 1885 parallelae
480 1854 573 1885 sunt;
596 1847 686 1878 lineae
705 1851 733 1877 A
753 1849 791 1881 Β,
804 1858 822 1877 a
837 1850 866 1883 b,
883 1849 916 1877 in
931 1848 1041 1877 eadem
1083 1847 1103 1875 h
1113 1846 1144 1881 k,
1157 1846 1354 1876 uniformiter
1378 1845 1602 1886 progrediatur,
1627 1852 1780 1885 punctum
1799 1847 1844 1883 H,
1873 1859 1917 1878 ιε-

208 1888 326 1919 ratione
347 1888 419 1919 data
443 1889 478 1918 in
494 1890 539 1926 H,
556 1895 588 1920 et
610 1891 640 1926 h,
657 1889 860 1927 dividuntur;
893 1889 1039 1929 idemque
1081 1888 1243 1928 quabiliter
1266 1888 1366 1918 fertur
1376 1888 1411 1918 in
1424 1887 1507 1918 linea
1520 1889 1554 1918 H
1573 1888 1616 1918 K.
1667 1889 1708 1919 In
1726 1889 1812 1920 omni
1821 1889 1919 1931 igitur

208 1929 377 1960 dicendum
398 1930 438 1961 de
451 1931 576 1970 punctis
592 1932 635 1967 K,
653 1938 683 1962 et
697 1931 727 1967 k,
743 1931 777 1961 in
794 1931 883 1962 lineis
909 1932 934 1962 C
952 1932 995 1968 D,
1009 1937 1040 1961 et
1082 1940 1155 1960 casu
1169 1936 1312 1961 centrum
1326 1940 1491 1960 commune
1514 1930 1672 1971 gravitatis
1687 1931 1823 1962 duorum
1848 1942 1919 1963 cor-

207 1982 226 2003 c
240 1971 276 2010 dg
302 1973 416 2009 Quare,
433 1983 472 2004 ex
492 1972 707 2004 demonstratis
732 1974 815 2016 (67),
837 1979 992 2013 punctum
1005 1973 1037 2009 h,
1081 1982 1192 2012 porum
1202 1983 1272 2013 quae
1286 1977 1376 2003 motu
1390 1973 1537 2003 uniformi
1559 1983 1615 2012 per
1628 1973 1726 2004 lineas
1739 1981 1838 2005 rectas
1860 1984 1917 2015 po-

209 2014 407 2045 uuiformiter
428 2015 623 2056 progreditur
646 2016 681 2046 in
702 2016 785 2047 recta
808 2017 831 2046 h
844 2016 876 2052 k,
901 2014 1040 2055 adeoque
1084 2015 1194 2045 sitione
1209 2014 1295 2045 datas
1308 2014 1556 2055 progrediuntur,
1581 2025 1702 2054 semper
1715 2016 1845 2056 quiescit
1866 2017 1918 2048 vel

207 2062 350 2087 centrum
363 2058 520 2098 gravitatis
536 2058 581 2094 H,
605 2068 725 2098 semper
738 2065 880 2089 movetur
900 2058 935 2088 in
948 2057 1042 2097 plano
1084 2063 1226 2088 movetur
1240 2056 1436 2088 uniformiter
1449 2057 1483 2087 in
1493 2057 1576 2088 recta
1590 2057 1741 2097 positione
1755 2058 1837 2091 data.

210 2098 247 2129 H
261 2099 369 2135 th,
393 2099 577 2140 adplanum
599 2102 652 2131 ab
666 2100 688 2131 d
702 2110 728 2137 c,
746 2100 898 2138 normali;
929 2099 955 2130 si
970 2099 1038 2130 loco

207 2140 300 2180 plani.
316 2152 336 2172 a
347 2143 369 2173 b
378 2141 401 2172 d
414 2152 442 2180 e,
469 2142 555 2173 anua
569 2143 699 2184 quodvis
712 2143 753 2174 aa
774 2143 936 2174 minium
950 2152 1036 2173 assu-
1758 2119 1804 2166 Β

206 2189 351 2222 meretur,
365 2183 475 2216 codem
496 2184 591 2216 modo
613 2185 815 2217 demonstrari
838 2191 939 2226 posset
961 2194 1033 2215 cen·
1044 2204 1077 2234 a
1116 2205 1125 2220 .
1157 2146 1208 2191 A
1578 2186 1627 2229 K
1879 2191 1911 2244 z

1266 2255 1297 2287 α
1625 2267 1649 2312 b
1693 2184 1724 2318 Ε
1800 2183 1833 2319 3

1120 2364 1163 2406 (r)
1187 2367 1238 2396 70.
1261 2364 1294 2395 si
1305 2364 1427 2396 duobus
1440 2364 1617 2404 corporibus
1634 2365 1664 2395 A
1679 2370 1712 2396 et
1722 2364 1761 2402 B,
1798 2373 1913 2395 uorum

1077 2416 1244 2437 commune
1257 2407 1416 2447 gravitatis
1429 2413 1571 2438 centrum
1585 2406 1625 2437 sit
1635 2406 1679 2443 K,
1695 2417 1764 2447 aequ
1797 2417 1829 2437 es
1843 2417 1913 2438 mo-

1076 2448 1128 2479 tus
1139 2449 1324 2489 quantitates
1338 2449 1372 2478 in
1394 2455 1496 2488 partes
1509 2448 1676 2479 conv-arias
1697 2449 1737 2480 de
1756 2459 1837 2480 novo
1850 2448 1912 2479 im-

1076 2492 1260 2530 primantur,
1293 2490 1406 2530 quibus
1429 2490 1538 2521 eodem
1564 2497 1702 2530 tempore
1724 2497 1914 2531 percurrunt

1076 2532 1174 2571 spatia
1191 2534 1219 2562 A
1233 2543 1262 2568 a,
1281 2532 1309 2562 B
1319 2534 1348 2567 b,
1365 2532 1470 2563 centr‘r
1478 2532 1635 2573 gravitatis
1649 2539 1747 2564 status
1761 2543 1825 2564 nou
1838 2542 1912 2564 mu-

1075 2581 1178 2612 tatur;
1204 2575 1286 2605 Cum
1297 2574 1381 2604 enim
1398 2574 1441 2610 K,
1455 2574 1495 2605 sit
1509 2584 1675 2606 commune
1689 2582 1831 2606 centrum
1839 2585 1912 2616 gra-

1074 2616 1176 2688 23¹3
1189 2616 1762 2700 fftp‘fzur(203‘3qsf;rfflm·²
1732 2617 1911 2700 ²⁶23&

1074 2706 1152 2731 tates
1165 2699 1268 2731 motus
1281 2699 1331 2742 (6)
1347 2702 1377 2731 A
1392 2705 1425 2738 ><
1446 2701 1477 2731 A
1493 2711 1520 2736 a,
1539 2701 1567 2732 B
1580 2701 1649 2739 -><Β
1661 2701 1823 2742 baequales
1837 2707 1912 2733 sunt
1938 2730 1941 2735 Δ

1076 2743 1147 2783 (per
1174 2745 1277 2784 ἧφι),
1300 2743 1358 2774 erit
1371 2743 1465 2774 ctiam
1483 2743 1537 2774 A:
1559 2743 1650 2774 B·=
1667 2744 1696 2774 B
1710 2745 1755 2774 b:
1777 2745 1809 2774 A
1823 2753 1853 2780 a,
1875 2754 1911 2775 a·

1074 2784 1193 2825 deoque
1211 2784 1244 2815 K
1259 2785 1367 2815 1321<
1382 2785 1569 2817 A=Bb:
1591 2785 1661 2822 Aa,
1677 2791 1911 2825 etcomponen--

1076 2826 1117 2857 do
1138 2827 1187 2857 vel
1212 2826 1378 2857 dividendo
1405 2827 1497 2858 Kb:
1519 2827 1692 2858 Ka=B
1716 2828 1761 2859 b:
1784 2828 1910 2859 Aa=

1078 2870 1110 2899 A
1126 2881 1134 2899 ε
1156 2869 1205 2906 Β;
1227 2868 1304 2899 dum
1317 2868 1415 2909 igitur
1437 2879 1566 2909 corpora
1582 2870 1612 2900 A
1628 2875 1660 2901 et
1676 2870 1715 2906 B,
1739 2869 1780 2900 ad
1794 2876 1911 2910 punct·

1076 2921 1095 2941 a
1104 2917 1135 2942 et
1149 2912 1180 2949 b,
1194 2911 1331 2941 motibus
1342 2911 1495 2949 impressis
1504 2912 1696 2951 perveniunt,
1708 2919 1851 2943 centrum
1864 2912 1908 2950 K.

1075 3001 1219 3026 motuum
1233 2995 1458 3026 mutationibus
1479 2995 1513 3026 in
1527 2996 1694 3027 contrarias
1707 3002 1808 3036 partes
1821 2997 1911 3028 factio

1075 3047 1140 3067 non
1163 3043 1265 3067 mutat
1293 3043 1411 3067 statum
1441 3048 1536 3068 suum
1573 3037 1677 3069 motus
1704 3038 1753 3069 vel
1788 3038 1910 3080 quietis·

377 3113 386 3122 ·
431 3114 440 3122 ο
1079 3080 1277 3119 Quapropter
1290 3089 1363 3109 cum
1377 3085 1487 3110 mutua
1495 3090 1660 3120 corporum
1678 3081 1758 3112 actio
1767 3082 1836 3123 (per
1847 3080 1912 3121 lag.

203 3121 286 3146 trum
301 3120 458 3163 grannius
473 3115 528 3164 H..
536 3117 651 3147 moveri
667 3118 699 3148 in
714 3119 808 3158 plano
830 3119 870 3150 ad
892 3130 1033 3160 assump-
1076 3125 1106 3152 2.
1124 3121 1170 3161 3.)
1201 3120 1334 3161 aequales
1357 3122 1543 3153 mutationes
1571 3123 1603 3152 in
1626 3129 1758 3164 utroque
1782 3132 1909 3162 corpore

203 3164 271 3188 tum
285 3156 529 3199 perpendiculari
538 3169 549 3196 ς
572 3168 695 3190 necesse
718 3161 815 3202 igitur
837 3170 884 3193 est
907 3168 942 3193 ut
960 3173 1033 3193 cen·
1076 3163 1181 3195 versus
1195 3169 1295 3203 partes
1309 3164 1474 3194 contrarias
1488 3164 1646 3204 producat,
1662 3174 1827 3196 commuue
1837 3174 1907 3206 gra-

1075 2953 1241 2983 immotum
1255 2952 1402 2983 remansit
1414 2952 1495 2995 (60),
1509 2963 1544 2983 ac
1554 2954 1683 2993 proinde
1691 2956 1730 2985 ab
1741 2954 1911 2994 aequalibus
1970 2971 1978 2981 ι
