2086 3542
276 262 360 300 418

686 256 1134 300 PHILOSOPHIAE
1167 254 1526 298 NATURALIS
1625 253 1767 306 [Mor.-
1786 253 1982 305 Convoxu

278 372 456 424 diorum,
478 371 628 414 factam
646 373 798 427 partim
817 373 861 414 in
881 375 976 415 acre
995 380 1214 427 antequam
1235 371 1441 427 attingunt
1459 370 1624 420 vitrum,
1645 368 1794 424 partim
1826 368 1887 423 (ni
1906 367 1989 409 fak,

277 443 359 497 lor)
380 443 424 485 in
443 443 563 495 vitro,
585 451 803 500 postquam
822 443 926 486 illud
955 443 1130 500 ingressi
1160 450 1281 484 sunt:
1312 441 1374 483 uti
1401 441 1445 482 in
1476 440 1600 482 radiis
1621 455 1644 481 c
1663 440 1692 480 k
1712 454 1734 480 z
1755 453 1790 491 c,
1811 438 1873 480 b.i
1891 453 1920 495 y
1935 438 1981 490 sb,

283 1410 377 1449 Prop.
392 1412 420 1439 Β.
439 1414 469 1439 et
485 1413 513 1441 9.
543 1407 642 1439 Partis
658 1411 708 1438 389-
725 1406 794 1437 Lib.
812 1404 938 1445 Optices
954 1402 1110 1435 Newtoni.
1157 1412 1268 1443 corpus
1280 1409 1312 1442 p.
1339 1401 1497 1443 aequaliter
1520 1401 1659 1444 undique
1680 1408 1841 1435 attractum
1866 1404 1918 1437 (ex
1933 1403 1990 1444 hy-

284 1452 344 1482 Sed
361 1458 396 1482 ut
410 1462 457 1481 res
479 1450 590 1481 clarius
611 1450 810 1490 intelligatur,
840 1450 902 1478 sint
926 1447 1029 1478 media
1050 1446 1114 1477 duo
1155 1446 1290 1486 pothesi)
1307 1445 1445 1476 semitam
1468 1456 1531 1476 non
1546 1446 1679 1486 amplius
1703 1453 1813 1484 mutat,
1831 1438 1886 1477 sed
1905 1447 1991 1477 recta
2011 1484 2015 1488 ,

281 1494 436 1535 contigua,
466 1494 495 1524 A
511 1504 530 1524 a
543 1495 564 1523 b
583 1494 623 1530 B,
653 1493 681 1522 B
697 1494 717 1522 b
739 1501 756 1522 c
774 1491 809 1527 C,
836 1490 937 1529 planis
961 1488 1114 1529 parallelis
1155 1490 1295 1519 movetur
1309 1498 1361 1528 per
1377 1498 1399 1528 g
1416 1488 1444 1525 1,
1461 1499 1531 1529 quae
1551 1498 1676 1519 curvam
1690 1488 1719 1520 C
1731 1499 1748 1519 e
1760 1489 1779 1519 f
1787 1500 1810 1530 g
1834 1489 1934 1530 tangit
1956 1487 1990 1519 in

283 1537 456 1572 terminata,
472 1542 502 1567 et
516 1545 648 1576 quorum
664 1534 733 1564 talis
747 1534 786 1563 sit
800 1532 988 1563 attractionis
1008 1531 1058 1561 lex
1083 1534 1118 1561 u't

282 1577 365 1610 ultra
387 1578 563 1613 distantiam
589 1588 609 1616 p
638 1577 669 1607 R
690 1588 709 1607 a
731 1575 834 1606 medio
857 1575 1002 1605 alterutro
1025 1583 1116 1604 evan-

283 1627 365 1652 escat
379 1621 445 1661 ejus
466 1620 561 1651 medii
583 1619 732 1650 attractio.
782 1618 893 1658 Itaque
918 1623 1023 1647 centro
1045 1627 1066 1656 p
1087 1622 1119 1647 et

283 1664 370 1694 radio
384 1674 404 1702 p
425 1664 454 1694 R.
471 1662 538 1705 (fig.
563 1662 607 1700 l.)
624 1661 812 1693 describatur
834 1659 975 1690 circulus*
990 1658 1039 1688 vel
1063 1669 1118 1697 po>-

285 1706 347 1736 tius
362 1707 481 1746 sphaera
499 1706 530 1735 R
547 1705 571 1734 Z
589 1704 620 1734 V
637 1704 670 1735 X
685 1714 755 1744 quae
769 1703 898 1742 planum
916 1702 945 1732 B
959 1702 980 1731 b
994 1711 1058 1731 non
1072 1707 1120 1731 at-

284 1749 395 1789 tingat,
426 1758 538 1787 corpus
565 1757 586 1786 p
611 1756 716 1776 versus
740 1745 845 1776 omnia
872 1745 966 1786 hujus
993 1744 1120 1783 sph‘aerae

286 1798 403 1829 puncta
424 1790 581 1830 aequaliter
605 1794 778 1824 attractum,
806 1787 925 1817 nullam
946 1786 979 1816 in
1002 1791 1120 1825 partem

285 1833 466 1868 inflectetur,
483 1831 537 1862 sed
552 1831 688 1861 manebit
705 1831 739 1860 in
760 1828 842 1859 linefi
863 1828 946 1859 recta
963 1829 993 1858 G
1011 1828 1048 1863 C,
1071 1837 1118 1857 se-

287 1871 425 1903 cundum
441 1882 533 1911 quam
548 1870 663 1901 moveri
678 1870 870 1909 supponitur.
911 1870 944 1900 Si
958 1870 990 1900 in
1006 1869 1114 1901 eedem

287 1914 370 1944 recu}
396 1914 425 1944 G
444 1915 493 1950 C,'
503 1913 639 1952 capiatur
663 1918 814 1951 punctum
832 1912 868 1948 C,
894 1921 914 1941 a
933 1912 1026 1950 plano
1053 1914 1078 1943 B
1093 1914 1114 1943 b

287 1963 441 1986 remotum
466 1952 608 1985 distantia
633 1954 660 1984 C
678 1954 705 1983 V
720 1966 765 1982 =
781 1964 802 1992 p
820 1954 861 1988 R,
884 1952 982 1993 sitque
1003 1954 1048 1983 vis
1068 1961 1114 1984 at-

288 1998 413 2028 tractiva
436 1996 542 2027 versus
562 1996 700 2026 medium
726 1996 754 2025 B
768 1997 789 2025 b
803 2005 821 2025 c
838 1995 875 2031 C,
900 1996 998 2035 major
1016 1996 1046 2025 vi
1067 2002 1113 2026 at-

287 2039 413 2071 tractiva
427 2037 520 2069 medii
536 2039 566 2068 A
581 2048 599 2068 a
614 2039 634 2067 b
652 2038 690 2073 B,
706 2037 739 2066 in
753 2047 790 2067 eo
804 2037 871 2076 ipso
881 2036 949 2067 loco
963 2038 989 2068 C
1005 2047 1116 2077 corpus

287 2093 306 2113 a
321 2082 402 2112 recta
413 2081 461 2111 via
477 2081 506 2111 G
521 2081 547 2112 C
560 2079 717 2111 deflectere
729 2089 913 2119 curvamque
934 2079 1046 2110 lineam
1061 2080 1114 2110 de-

287 2125 418 2155 scribere
432 2123 566 2162 incipiet.
602 2121 762 2152 Perveniat
777 2121 858 2161 (20.)
869 2131 980 2160 corpus
994 2133 1032 2152 ex
1045 2123 1070 2152 C
1082 2123 1114 2152 in

288 2177 314 2202 e,
332 2177 385 2206 per
399 2175 525 2196 curvam
544 2165 569 2195 C
582 2175 609 2201 e,
625 2172 655 2194 et
670 2163 762 2194 ducta
779 2163 814 2194 H
828 2164 865 2194 M
881 2163 919 2194 ad
935 2164 1026 2202 plana
1044 2165 1070 2194 A
1086 2175 1114 2202 a,

291 2209 351 2239 Bb
366 2207 620 2248 perpendiculari,
636 2216 671 2236 ac
681 2215 734 2246 per
745 2211 895 2245 punctum
911 2216 937 2242 e,
954 2206 1062 2236 recuie
1076 2208 1113 2242 T,

287 2261 356 2291 quae
382 2259 505 2280 curvam
523 2250 549 2280 C
566 2259 593 2285 e,
618 2255 725 2288 tangat
739 2248 772 2277 in
787 2258 813 2284 e,
841 2253 871 2280 et
896 2249 1114 2287 perpendiculo

290 2293 325 2323 H
344 2293 380 2323 M
396 2298 534 2322 occurrat
547 2292 580 2321 in
597 2291 636 2327 T,
660 2291 717 2320 erit
738 2290 870 2330 angulus
884 2300 901 2320 e
919 2291 947 2320 T
965 2291 990 2320 C
1011 2291 1112 2321 minor

287 2334 404 2375 angulo
418 2333 593 2364 incidentiae
611 2333 641 2363 G
659 2333 693 2363 H
712 2333 770 2369 M;
797 2341 868 2362 nam
884 2342 956 2362 cum
971 2341 1112 2373 segmen-

287 2384 354 2407 tum
371 2378 392 2406 k
407 2377 439 2407 V
454 2377 493 2412 L,
516 2376 549 2406 in
563 2374 778 2413 hemisphaerio
795 2374 828 2404 X
846 2375 876 2404 V
892 2375 917 2404 Z
932 2375 1030 2415 magis
1051 2382 1111 2406 tra-

287 2419 340 2448 hat
357 2418 460 2449 versus
473 2419 601 2458 planum
613 2415 616 2418 ’
628 2417 655 2447 Β
670 2418 700 2453 Ι),
726 2426 818 2456 quam
840 2423 1033 2456 segmentum
1054 2417 1111 2456 ipsi

291 2461 409 2502 oe'quale
431 2461 465 2492 in
487 2460 693 2500 hemispherio
709 2460 744 2490 X
763 2461 795 2491 R
811 2460 847 2497 Z,
871 2462 923 2498 (ex
937 2459 1029 2500 hyp.)
1051 2470 1119 2490 ver-

288 2502 343 2534 sus
352 2503 481 2543 planum
494 2504 526 2534 A
538 2514 566 2540 a,
578 2503 776 2534 manifestum
785 2509 831 2533 est
841 2512 964 2533 curvam
977 2502 1119 2532 deorsum

289 2545 412 2583 inflecti,
429 2545 560 2587 ide6que
574 2550 757 2586 tangentum
771 2555 789 2575 e
799 2545 828 2575 T
839 2555 858 2575 a
867 2545 953 2575 radio
965 2543 1119 2574 incidente

295 2589 324 2619 G
349 2589 385 2624 C,
403 2588 517 2619 -versus
539 2588 695 2627 superiora
718 2588 755 2618 M
777 2587 926 2617 recedere.
975 2586 1120 2617 Similiter

290 2631 346 2661 ubi
360 2630 578 2670 corpusculum
596 2631 623 2661 C
638 2636 684 2660 est
699 2630 732 2660 in
748 2630 765 2659 f
783 2629 865 2670 (50.)
887 2628 968 2660 intra
981 2628 1120 2659 medium

293 2673 322 2704 B
337 2675 358 2703 b
372 2684 389 2704 c
407 2674 443 2711 C,
459 2674 559 2714 magis
572 2672 702 2703 trahitur
720 2671 824 2702 versus
845 2672 973 2711 planum
990 2671 1017 2702 C
1032 2680 1058 2708 c,
1082 2672 1120 2701 ab

290 2716 494 2754 hemispherio
520 2715 555 2745 X
583 2714 614 2745 V
641 2715 677 2752 Z,
708 2724 801 2755 quam
829 2714 994 2745 retrahitur
1017 2712 1121 2744 versus

290 2757 420 2797 planum
437 2758 465 2789 B
480 2759 510 2795 b,
527 2759 566 2788 ab
580 2757 675 2788 altero
689 2757 893 2796 hemispherio
908 2757 943 2787 X
962 2756 992 2787 R
1008 2756 1043 2791 Z,
1066 2765 1119 2785 cu-

286 2800 341 2840 jus
368 2806 565 2841 segmentum
592 2799 615 2829 k
644 2800 674 2830 R
706 2799 744 2835 L,
771 2799 876 2829 minus
899 2798 1000 2834 trahit,
1027 2808 1121 2838 quam

292 2843 410 2882 aequale
438 2847 633 2884 segmentum
662 2841 696 2871 in
724 2841 928 2881 hemispherio
954 2841 987 2871 X
1015 2841 1047 2870 V
1073 2841 1119 2878 23

290 2883 383 2923 quare
397 2885 531 2925 angulus
549 2884 583 2914 H
599 2890 613 2914 t
626 2883 650 2921 f,
665 2894 758 2924 quem
773 2890 903 2924 tangens
915 2883 934 2913 s
943 2889 957 2913 t
970 2892 1040 2913 cum
1053 2892 1121 2921 per·
1137 2882 1146 2905 s

290 2927 456 2964 pendiculo
478 2927 511 2957 H
531 2927 569 2958 M
592 2926 692 2961 efficit,
716 2926 818 2956 adhuc
838 2925 940 2956 minor
961 2931 1006 2955 est
1028 2934 1122 2965 quam

290 2969 435 3042 ”fffluc
443 2968 654 3041 Ueii?
680 2968 1122 3052 ({<5‘¹>⁰¹il‚”0u¹3¹2²“1¹222‘¹'13⁵13

290 3020 612 3084 igmotumpdistantia
633 3022 774 3083 guinisi
792 3063 815 3094 g
833 3053 863 3085 R
883 3065 929 3082 =
947 3019 972 3093 lp
990 3053 1031 3090 R,
1054 3057 1121 3083 tum

1160 1541 1190 1570 g,
1206 1537 1311 1571 estque
1325 1531 1461 1571 angulus
1478 1531 1508 1561 N
1523 1541 1545 1571 g
1562 1531 1590 1568 Ι,
1606 1541 1699 1571 quem
1711 1542 1733 1572 g
1749 1531 1765 1562 Ι
1782 1542 1854 1563 cum
1868 1531 1940 1572 g-N
1951 1530 1992 1562 nd

1163 1575 1192 1605 B
1206 1575 1227 1604 b
1242 1572 1485 1613 perpendiculari
1499 1573 1665 1610 constituit,
1681 1584 1736 1604 seu
1750 1573 1884 1615 angulus
1893 1583 1991 1604 emer-

1161 1617 1274 1656 gentiae
1294 1616 1397 1646 minor
1417 1616 1518 1646 adhuc
1540 1616 1656 1656 angulo
1680 1616 1715 1646 H
1730 1622 1744 1646 t
1757 1616 1777 1646 f
1794 1616 1877 1658 (50.)
1923 1615 1992 1656 Op-

1161 1659 1294 1698 positum
1310 1658 1435 1694 evenieu
1452 1658 1478 1688 si
1492 1658 1630 1689 medium
1647 1659 1676 1689 Β
1691 1659 1712 1689 b
1726 1668 1744 1689 c
1761 1659 1796 1695 C,
1812 1657 1916 1689 minus
1930 1664 1998 1695 trau,

1161 1702 1216 1731 hat
1229 1710 1320 1741 quam
1335 1700 1474 1731 medium
1491 1701 1522 1731 A
1535 1709 1557 1731 ‘a
1570 1702 1591 1731 b
1608 1701 1648 1738 B,
1672 1706 1704 1731 et
1725 1701 1867 1732 refractio
1887 1701 1921 1731 in
1943 1709 1992 1732 re·

1163 1742 1326 1779 flexionem
1338 1743 1585 1782 mutarkpoterit.
1636 1743 1686 1774 Fit
1700 1743 1796 1783 igitur
1808 1743 1952 1774 refractio
1961 1750 1993 1775 et

1163 1785 1287 1815 reflexio
1301 1785 1410 1815 nonin
1425 1791 1542 1823 puncto
1561 1785 1736 1815 incidentiae
1754 1785 1785 1816 R
1802 1785 1884 1827 (40.)
1931 1786 1993 1818 Sed

1161 1827 1309 1866 paulatim
1321 1836 1375 1866 per
1381 1827 1562 1868 continuam
1573 1827 1814 1858 incurvationem
1822 1828 1991 1867 radiorum,

1163 1875 1199 1899 ut
1216 1870 1387 1899 Newtonus
1401 1868 1500 1899 docet.
1551 1869 1646 1905 Quod
1660 1869 1687 1899 si
1701 1869 1804 1910 itaque
1818 1870 2002 1909 certissimis,

1161 1910 1376 1950 experimentis
1404 1916 1522 1941 constet
1545 1911 1647 1942 radios
1669 1911 1748 1942 lucis
1772 1922 1792 1942 a
1815 1913 1993 1952 corporibus

1160 1954 1247 1994 quasi
1274 1953 1383 1984 attrahi
1411 1953 1445 1982 in
1473 1953 1609 1984 minimis
1633 1953 1791 1990 distantiis,
1821 1955 1995 1989 Newtonus

1161 2005 1264 2026 veram
1292 1995 1342 2025 hic
1371 1994 1589 2027 demonstravit
1617 2006 1741 2027 causam
1765 1995 1889 2027 illarum
1916 1998 1994 2030 lucis
2026 2006 2035 2013 “

1162 2037 1370 2075 affectionum,
1386 2035 1499 2078 quibus
1512 2038 1663 2079 contingit
1677 2045 1714 2070 ut
1726 2038 1814 2071 radii.
1825 2039 1994 2075 incidentes

1162 2081 1194 2110 in
1209 2079 1401 2119 superficiem
1415 2081 1548 2119 corporis
1561 2081 1696 2111 resiliant
1718 2081 1751 2116 in
1764 2081 1857 2120 plano
1871 2082 1911 2113 ad
1925 2094 1995 2120 eam

1163 2122 1307 2160 verticali,
1323 2124 1381 2152 sub
1402 2123 1525 2163 angulis
1547 2123 1720 2154 reflexionis
1743 2123 1913 2164 aequalibus
1937 2134 1994 2157 nn-

1164 2165 1248 2206 gulis
1262 2164 1444 2199 incidentiae.
1461 2172 1553 2206 atque
1566 2172 1603 2196 ut
1617 2176 1653 2196 ex
1668 2176 1734 2196 uno
1743 2166 1846 2197 medio
1860 2166 1894 2197 in
1907 2167 1994 2206 aliud

1165 2207 1292 2237 diversae
1307 2207 1462 2237 densitatis
1477 2214 1532 2238 aut
1543 2207 1672 2238 diversoe
1693 2208 1739 2238 vis
1759 2209 1914 2247 trahentis,
1924 2223 1927 2225 Α
1937 2211 1993 2242 ob-

1164 2249 1247 2290 lique
1262 2256 1454 2288 penetrantes
1468 2250 1682 2290 refrangantur
1703 2251 1736 2280 in
1760 2251 1854 2290 plano
1877 2252 1918 2283 ad
1940 2263 1993 2284 su.

1163 2292 1328 2331 perficiem,
1344 2302 1414 2332 quae
1428 2292 1492 2322 duo
1507 2292 1609 2323 media
1632 2292 1745 2323 dirimit
1769 2293 1875 2324 itidem
1898 2301 1991 2332 recto,

1163 2333 1207 2365 ita
1221 2341 1257 2364 ut
1271 2334 1356 2364 sinus
1369 2334 1543 2365 incidentiae
1557 2340 1588 2365 et
1601 2335 1797 2375 emergentiae
1811 2335 1992 2368 ἀπαπαῖ*

1163 2383 1235 2407 vent
1249 2376 1408 2407 rationem.
1447 2377 1526 2407 Satis
1537 2377 1619 2408 enim
1631 2377 1727 2417 liquet
1734 2378 1827 2417 plana
1839 2377 1992 2410 linearum

1166 2419 1197 2450 G
1215 2419 1246 2448 H
1266 2419 1282 2449 I
1305 2424 1335 2448 et
1353 2419 1382 2449 G
1400 2419 1436 2450 H
1457 2420 1485 2450 R
1500 2421 1531 2456 h,
1552 2420 1586 2449 in
1607 2420 1813 2458 superioribus
1832 2420 1994 2461 propositi.

1162 2461 1283 2497 onibus,
1299 2461 1561 2500 perpendicularia
1575 2472 1640 2493 esse
1653 2462 1693 2492 ad
1714 2462 1807 2501 plana
1823 2465 1852 2494 Δ
1868 2474 1897 2501 ιι,
1916 2464 1945 2495 Β
1952 2465 1991 2503 1²5

1163 2509 1198 2533 ut
1211 2503 1339 2542 planum
1359 2503 1510 2543 parabolae
1531 2514 1624 2544 quam
1646 2504 1750 2545 gravia
1773 2505 1807 2535 in
1831 2505 1992 2546 hypothesi

1167 2545 1290 2576 Galilaei
1304 2544 1479 2576 describunt
1503 2546 1755 2586 perpendiculare
1779 2552 1825 2578 est
1846 2547 1886 2578 ad
1908 2548 1992 2579 hori.

1163 2593 1293 2618 zontem.
1354 2589 1507 2624 Quaenam
1531 2588 1603 2620 vero
1629 2599 1721 2619 causa
1743 2589 1783 2620 sit
1805 2590 1992 2621 attractioni-

1163 2637 1217 2660 aut
1241 2630 1406 2660 tendentiae
1430 2631 1478 2660 vel
1504 2630 1657 2670 impulsos
1679 2630 1834 2662 radiorum
1859 2632 1938 2663 lucin
1956 2633 1992 2664 in

1163 2682 1308 2711 corpora:
1334 2672 1393 2703 alia
1407 2673 1535 2713 quaestio
1549 2682 1595 2704 est
1607 2682 1700 2713 quam
1722 2673 1772 2703 hic
1792 2674 1910 2715 agitare
1929 2675 1990 2706 mi·

1163 2714 1248 2745 nime
1271 2725 1393 2745 necesse
1416 2721 1470 2751 est,
1493 2714 1615 2755 quaque
1639 2715 1779 2754 seposita,
1802 2716 1926 2747 interim
1950 2727 1989 2750 εκ

1163 2757 1253 2787 cenis
1267 2757 1481 2797 experimentis
1494 2757 1708 2788 mathematica
1721 2757 1989 2798 demonstratione,

1163 2805 1284 2829 ostensa
1297 2805 1343 2830 est
1356 2798 1527 2830 reflexionis
1538 2805 1569 2829 et
1578 2798 1768 2830 refractionis
1777 2801 1827 2831 lex
1838 2807 1869 2832 et
1879 2804 1991 2842 αὐθις
2003 2819 2007 2822 -
2053 2802 2058 2809 “

1163 2841 1425 2882 quemadmodum
1433 2840 1527 2872 semel
1538 2842 1670 2882 cognitis
1682 2845 1751 2883 (per
1758 2843 1991 2883 experientium}

1164 2883 1311 2924 gravitate
1325 2890 1420 2924 atque
1432 2883 1556 2914 elaterio
1570 2884 1656 2920 aei-is,
1671 2885 1753 2916 recte
1766 2885 1836 2926 quis
1849 2895 1993 2918 ascensu·

1164 2931 1196 2956 et
1216 2925 1379 2956 descensus
1398 2926 1554 2966 liquorum
1578 2927 1611 2956 in
1636 2927 1719 2957 tubis
1740 2927 1845 2958 vacuis
1868 2936 1992 2960 ceum

1164 2974 1256 3008 atque
1270 2967 1371 3008 legem
1384 2967 1607 2999 demonstrasse
1620 2976 1770 3006 censetur,
1793 2969 1870 3000 dum
1893 2980 1932 3002 ex
1951 2970 1996 3002 'ih

1164 3010 1242 3040 aiiris
1255 3010 1489 3049 proprietatibus
1503 3021 1634 3052 quarum
1649 3021 1756 3043 causas
1775 3012 1904 3053 ignorat.
1926 3012 1994 3045 hee

1164 3053 1367 3092 phaenomena
1379 3052 1520 3084 accurate
1535 3053 1672 3085 deduxit.
1719 3055 1803 3086 Nam
1821 3055 1912 3097 juxti
1929 3064 1996 3088 ree·
2058 3092 2060 3094 r
