2086 3542
1569 228 1716 281 [Mo-r.
1738 225 1941 273 Conmn.

242 246 325 282 344
634 234 1081 280 PHILOSOPHIAE
1112 231 1287 275 NATU
1294 230 1472 274 RALIS

239 353 405 398 tionalis
425 353 477 395 sit
505 352 633 408 ipsius
653 352 694 394 vi
713 349 926 400 absolutae,
951 356 1073 391 erunt
1090 348 1198 388 vires
1218 346 1300 387 illae
1324 347 1360 388 N
1384 345 1450 396 M,
1474 343 1527 387 M
1547 343 1600 394 L,
1637 350 1679 384 et
1711 355 1852 384 earum
1884 339 1945 385 ef-

240 424 372 466 fectus
393 422 546 465 directe
565 430 613 464 ut
632 422 760 464 cubus
776 419 967 476 diametri
985 417 1220 473 apparentis
1238 416 1454 473 longinqui
1473 413 1656 469 corporis
1679 413 1710 456 S
1729 427 1753 454 e
1771 424 1946 466 corpore

242 494 285 536 T
305 494 489 549 spectati,
511 502 554 534 et
573 493 661 534 vice
680 491 810 534 versa.
870 490 1062 545 Namque
1081 487 1347 529 hae-rationes
1366 485 1524 528 eaedem
1550 491 1658 533 sunt,
1689 490 1812 538 atque
1840 479 1946 525 ratio

240 566 428 621 superior
447 564 687 621 composita.

304 1185 432 1226 Corol.
459 1189 523 1225 15.
557 1181 608 1238 (¹³)
642 1181 698 1224 Et
735 1181 930 1238 quoniam
961 1182 1007 1234 si,
1040 1182 1301 1225 manentibus
1339 1181 1504 1223 orbium
1539 1181 1577 1222 E
1600 1182 1630 1223 S
1652 1181 1690 1223 E
1724 1187 1766 1223 et
1798 1180 1834 1222 P
1853 1181 1895 1223 A
1915 1180 1954 1223 B

245 1254 390 1304 forma,
411 1252 750 1308 proportionibus
772 1259 813 1293 et
831 1252 1096 1294 inclinatione
1116 1252 1170 1294 ad
1189 1252 1378 1302 invicem,
1411 1259 1592 1293 mutetur
1622 1265 1767 1292 eorum
1795 1250 1956 1307 magni-

245 1325 360 1374 tudo,
383 1332 424 1365 et
445 1323 480 1364 si
501 1337 722 1377 corporum
745 1322 777 1366 S
795 1330 838 1363 et
858 1322 899 1363 T
918 1322 982 1364 vel
1003 1330 1209 1373 maneant,
1240 1322 1306 1364 vel
1324 1328 1535 1363 mutentur
1553 1321 1659 1362 vires
1679 1321 1722 1361 in
1742 1320 1837 1362 data
1857 1319 1958 1376 qua-

245 1396 307 1436 vis
326 1394 507 1443 ratione3
541 1394 596 1451 (⁰)
620 1393 687 1434 hae
706 1393 813 1434 vires
844 1393 942 1448 (hoc
962 1402 1035 1442 est,
1057 1393 1117 1434 vis
1137 1393 1323 1448 corporis
1346 1393 1400 1443 T,
1423 1391 1503 1448 quii
1533 1406 1682 1447 corpus
1705 1391 1740 1433 P
1760 1391 1812 1433 de
1841 1401 1958 1433 recto

249 1467 414 1508 tramite
434 1466 477 1506 in
498 1465 673 1522 orbitam
696 1465 731 1506 P
753 1465 794 1506 A
817 1465 854 1506 B
875 1464 1106 1516 deflectere,
1129 1473 1171 1506 et
1191 1465 1250 1505 vis
1270 1464 1454 1519 corporis
1476 1464 1519 1514 S,
1555 1463 1636 1519 qua
1668 1477 1816 1518 corpus
1850 1462 1957 1504 idem
1995 1476 1998 1478 ’

249 1536 284 1577 Ρ
305 1536 358 1578 de
373 1534 506 1577 orbita
527 1535 597 1576 illa
628 1534 792 1576 deviare
822 1533 1001 1591 cogitur)
1033 1544 1162 1591 agunt
1194 1548 1354 1589 semper
1386 1533 1534 1575 eodem
1566 1532 1706 1583 modo,
1742 1539 1783 1574 et
1816 1531 1960 1574 eadem

245 1606 540 1661 proportione:
571 1619 737 1646 necesse
758 1611 820 1646 est
839 1612 886 1646 ut
905 1604 1056 1645 similes
1077 1613 1118 1646 et
1137 1603 1468 1659 proportionales
1498 1603 1579 1644 sint
1607 1602 1774 1644 effectus
1803 1616 1958 1653 omneS,

248 1687 289 1720 et
307 1677 634 1733 proportionalia
665 1676 887 1718 effectuum
908 1684 1121 1731 tempora3
1151 1676 1232 1717 hoc
1253 1683 1329 1726 est,
1360 1683 1407 1717 ut
1424 1690 1584 1717 errores
1613 1690 1757 1716 omnes
1783 1675 1958 1717 lineares

249 1749 332 1790 sint
351 1756 397 1790 ut
417 1747 588 1789 orbium'
599 1747 805 1798 diametri,
825 1747 1046 1803 angulares
1067 1746 1166 1788 vero
1185 1746 1324 1796 iidem,
1354 1746 1426 1801 qui
1453 1746 1582 1800 prius,
1618 1752 1660 1786 et
1692 1759 1879 1786 errorum
1912 1744 1962 1786 li-

248 1819 436 1861 nearium
457 1818 664 1867 similium,
695 1817 761 1859 vel
791 1817 1054 1873 angularium
1078 1815 1300 1872 aequalium
1319 1823 1510 1870 tempora
1528 1822 1575 1856 ut
1593 1814 1756 1857 orbium
1775 1823 1963 1871 tempora

248 1889 472 1945 periodica.
1511 1877 1516 1893 s

310 1960 439 2000 Corol.
470 1957 535 2000 16.
568 1957 709 2008 Unde,
732 1958 765 1997 si
786 1956 937 1998 dentur
956 1957 1119 1998 orbium
1138 1956 1283 1997 formae
1312 1964 1354 1998 et
1381 1955 1592 1997 inclinatio
1620 1955 1674 1997 ad
1702 1955 1891 2007 invicem,
1921 1963 1964 1998 et

251 2036 467 2070 mutentur
486 2035 697 2083 utcunque
717 2041 939 2081 corporum
958 2025 1277 2083 magnitudines,
1309 2027 1416 2067 vires
1447 2026 1745 2076 etdistantiae3
1775 2041 1829 2068 ex
1855 2026 1963 2068 datis

252 2098 459 2140 erroribus
481 2105 523 2139 et
541 2111 730 2138 errorum
749 2096 1006 2152 temporibus
1027 2096 1071 2138 in
1090 2111 1174 2138 uno
1205 2111 1316 2148 casu,
1353 2096 1493 2152 colligi
1522 2104 1695 2151 possunt
1727 2111 1888 2138 errores
1921 2105 1964 2138 et

296 2227 342 2270 (δ)
366 2229 383 2248 ⁸
409 2228 453 2259 Et
475 2223 621 2268 quoniam
646 2227 671 2258 si
695 2227 898 2264 manentibus,
914 2227 971 2257 διο.
1019 2226 1093 2257 Hoc

255 2277 311 2306 est,
328 2270 355 2300 si
369 2278 532 2309 corporum
550 2269 572 2299 S
586 2274 618 2300 et
634 2269 663 2299 T
677 2268 726 2299 vel
741 2275 886 2299 maneant
899 2269 949 2299 vel
969 2275 1093 2299 muten-

255 2320 306 2343 tur
321 2313 399 2342 vires
413 2311 561 2342 absolutae
575 2311 609 2341 in
623 2310 695 2342 data
716 2310 823 2351 quavis
844 2311 970 2347 ratione,
994 2315 1026 2342 et
1044 2320 1094 2341 or.

1134 2227 1280 2263 tionibus.
1297 2226 1371 2258 ante
1383 2232 1414 2258 et
1427 2231 1498 2267 post
1517 2227 1676 2259 distantias
1698 2227 1729 2258 vi
1860 2232 1964 2258 mutn-

1134 2275 1182 2301 tas
1206 2270 1347 2301 omnium
1370 2270 1523 2300 linearum
1551 2271 1573 2301 S
1590 2270 1627 2305 P,
1653 2270 1675 2300 S
1693 2269 1736 2307 K,
1760 2270 1799 2300 M
1816 2269 1857 2307 L,
1874 2269 1897 2300 S
1912 2269 1962 2306 M,

1137 2312 1170 2342 N
1187 2312 1237 2349 M,
1251 2313 1306 2343 διο.
1325 2312 1433 2343 eadem
1446 2318 1552 2343 manet
1565 2312 1652 2350 ratio,
1676 2317 1768 2352 atque
1788 2311 1866 2342 adeo
1885 2310 1964 2342 vite·

255 2356 344 2386 bium
362 2354 391 2385 Ε
410 2354 431 2384 S
449 2354 478 2384 E
494 2358 526 2383 et
542 2354 570 2385 1³
587 2354 618 2383 A
636 2354 676 2391 B,
692 2353 876 2394 magnitudo
890 2352 934 2383 ita
943 2358 1092 2384 mutetur»

257 2403 294 2427 ut
308 2397 391 2428 orbis
407 2396 437 2426 E
456 2396 478 2426 S
494 2395 524 2426 E
540 2395 598 2426 sibi
621 2395 731 2426 similis
753 2405 875 2434 semper
895 2401 1027 2432 maneat,
1038 2394 1097 2425 sic·

260 2443 297 2469 ut
324 2445 356 2469 et
369 2438 450 2469 orbis
467 2438 496 2468 P
513 2438 546 2468 A
563 2438 592 2468 B
608 2437 672 2471 sibi.
695 2443 727 2468 et
740 2438 852 2468 horum
866 2437 987 2468 orbium
1002 2437 1093 2467 incli-

257 2480 344 2511 natio
357 2491 421 2511 non
436 2486 584 2517 mutetur,
600 2490 658 2510 nec
671 2480 828 2519 proportio
850 2490 906 2510 seu
928 2479 1006 2510 ratio
1027 2480 1092 2510 axi-

258 2533 313 2553 um
328 2522 422 2553 unius
447 2523 530 2552 orbis
554 2522 594 2552 ad
616 2532 687 2552 axes
712 2522 837 2552 alterius
862 2529 917 2552 aut
940 2521 1093 2553 linearum

258 2565 438 2605 quarumvis
452 2564 485 2594 in
500 2574 565 2595 uno
580 2566 654 2595 orbe
676 2563 716 2595 ad
737 2564 836 2595 lineas
858 2564 1038 2606 homologns
1058 2564 1092 2594 iu

258 2607 354 2638 altero
368 2608 450 2637 orbe.
752 2643 756 2646 ῃ

302 2649 349 2690 (⁰)
374 2651 391 2668 '
417 2650 479 2685 Hoe
505 2650 592 2686 vires,
619 2649 676 2679 διο.
734 2648 792 2679 Vis
816 2648 1009 2680 acceleratrix
1031 2647 1094 2688 qu&

259 2701 371 2730 corpus
389 2691 416 2721 P
430 2690 463 2721 in
480 2690 550 2721 loco
568 2691 596 2722 P
609 2689 715 2721 versus
731 2691 761 2721 Τ
775 2691 915 2727 trahitur,
931 2696 976 2721 est
1000 2690 1095 2732 (512)

260 2733 298 2764 ad
314 2732 378 2763 vim
393 2733 636 2764 accelerati-icem
657 2733 718 2773 quii
741 2742 846 2763 versus
863 2733 885 2764 S
899 2738 1036 2774 urgetur,
1058 2732 1092 2762 in

260 2775 378 2806 ratione
391 2774 560 2815 composita
573 2785 611 2806 ex
625 2775 743 2806 ratione
757 2774 871 2805 directa
886 2775 932 2805 vis
945 2773 1093 2805 absolutae

262 2817 396 2856 corporis
412 2817 442 2849 T
456 2816 496 2848 ad
510 2817 572 2847 vim
587 2817 758 2849 absolutam
780 2817 914 2856 'corporis
938 2817 970 2853 S,
993 2822 1025 2847 et
1044 2826 1094 2846 ra-

260 2859 347 2890 tione
361 2858 483 2890 inversa
498 2858 655 2899 duplicata
669 2859 820 2890 distantioe
833 2859 866 2900 ‚P
881 2858 911 2890 Τ
925 2857 965 2890 ad
979 2857 1093 2888 distan-

262 2900 336 2929 tiam
356 2901 384 2931 P
400 2902 431 2932 S.
481 2900 589 2937 Quare
604 2901 631 2932 si
645 2901 724 2932 vires
737 2900 885 2932 absoluta
898 2906 930 2931 et
943 2900 1093 2931 distantiae

261 2942 294 2971 in
311 2942 389 2972 datis
403 2944 572 2974 rationibus
586 2949 755 2980 mutentur,
778 2942 914 2974 manebit
927 2942 1034 2973 eadem
1049 2942 1095 2972 vi-

263 2983 345 3014 rium
360 2985 622 3026 acceleratricum„
632 2986 719 3022 ratio,
735 2991 766 3016 et
779 2987 819 3016 ob
830 2985 999 3026 figurarum
1010 2984 1095 3014 simi-

264 3025 439 3063 litudinem,
466 3027 498 3055 in
520 3028 671 3058 similibus
685 3037 848 3066 corporum
866 3027 905 3064 Ρ,
920 3026 959 3063 T,
977 3027 999 3057 S
1013 3026 1093 3066 posi-

1134 2360 1233 2394 agunt
1254 2364 1374 2393 semper
1397 2354 1507 2385 eodem
1530 2354 1624 2386 modo
1647 2360 1679 2385 et
1703 2353 1812 2384 eadem
1836 2362 1962 2395 propor-

1134 2396 1229 2426 tione.
1278 2396 1412 2427 Necesse
1425 2396 1522 2437 igitur
1535 2402 1582 2427 est
1601 2402 1638 2427 ut
1659 2394 1731 2427 ante
1751 2402 1783 2426 et
1806 2401 1876 2435 post
1900 2394 1963 2429 di·-

1134 2438 1254 2474 tann'as,
1270 2444 1302 2468 et
1315 2438 1393 2469 vires
1406 2444 1540 2470 mutatas
1553 2439 1585 2468 in
1600 2438 1678 2469 datis
1687 2437 1866 2474 rationibus,
1877 2436 1963 2467 simi-

1133 2480 1180 2510 les
1193 2490 1229 2510 ac
1243 2480 1482 2519 proportionales
1496 2481 1558 2510 sint
1571 2480 1698 2512 effectus
1710 2488 1818 2510 omnen
1837 2484 1870 2510 et
1889 2487 1962 2518 pro-

1134 2522 1317 2561 portionalia
1344 2523 1512 2553 effectuum
1539 2529 1678 2562 tempora
1699 2520 1804 2564 (196);
1825 2521 1961 2563 hocven,

1133 2574 1249 2594 errores
1262 2574 1371 2595 omnes
1395 2564 1524 2595 lineares
1548 2564 1663 2595 similes
1687 2575 1707 2594 a
1727 2554 1905 2594 viribuvM
1921 2561 1961 2600 Ι,

1136 2606 1170 2637 N
1193 2606 1231 2636 M
1258 2606 1408 2645 producti,
1436 2617 1490 2637 seu
1511 2606 1698 2638 deviationes
1719 2604 1853 2644 eorporis
1877 2604 1906 2636 P
1926 2604 1962 2636 iu

1135 2647 1361 2688 longitudinem
1378 2654 1409 2679 et
1422 2648 1615 2679 latitudinem
1629 2658 1649 2679 a
1668 2646 1744 2677 locis
1763 2646 1824 2677 illis
1846 2645 1880 2677 in
1893 2646 1963 2689 qui·

1136 2692 1195 2720 bus
1215 2696 1393 2727 versaretur,
1416 2690 1443 2721 si
1467 2690 1581 2721 viribus
1603 2688 1850 2729 perturbantibus
1864 2687 1903 2723 Μ
1919 2687 1960 2724 L,

1135 2732 1169 2763 N
1185 2731 1225 2763 Μ
1238 2742 1302 2762 non
1316 2733 1491 2773 agitaretur,
1514 2738 1588 2764 sunt
1607 2738 1644 2762 ut
1665 2730 1786 2761 orbium
1810 2729 1961 2768 diametri,

1134 2780 1165 2804 et
1179 2773 1286 2816 anguli
1302 2776 1359 2805 sub
1373 2774 1485 2815 quibus
1498 2783 1516 2804 e
1530 2779 1634 2804 centro
1651 2773 1680 2803 T
1694 2772 1879 2804 deviationes
1899 2771 1962 2804 iun

1135 2815 1252 2847 similes
1264 2816 1416 2852 videntur.
1432 2825 1551 2855 semper
1565 2817 1691 2846 manent
1705 2815 1845 2856 equales,
1857 2819 1896 2846 ut
1906 2824 1962 2855 pa-

1135 2863 1180 2888 tet
1194 2868 1231 2892 ex
1246 2857 1356 2889 natura
1375 2857 1546 2898 figurarum
1569 2857 1719 2887 similium
1746 2856 1851 2898 (Lem.
1865 2855 1910 2898 V.
1931 2862 1963 2888 a

1135 2905 1199 2930 not.
1231 2899 1320 2939 112),
1342 2905 1374 2930 et
1398 2909 1535 2930 errorum
1558 2898 1720 2930 linearium
1744 2898 1892 2931 similium
1913 2898 1963 2930 vel

1136 2941 1332 2983 angularium
1346 2941 1512 2982 equalium
1527 2948 1674 2980 tempora,
1698 2946 1771 2972 sunt
1791 2948 1827 2973 ut
1840 2939 1962 2973 odium

1137 2990 1274 3023 tempora
1301 2981 1454 3023 periodica
1479 2984 1582 3024 (196).
1632 2983 1714 3014 Haec
1740 2981 1846 3013 omnin
1868 2982 1962 3024 etiam

1138 3027 1283 3061 obtinent,
1299 3026 1352 3055 ubi
1367 3024 1528 3065 corporum
1543 3025 1677 3057 duorum
1693 3025 1732 3063 T,
1749 3030 1779 3056 et
1792 3024 1820 3056 P
1831 3031 1962 3065 attunt
