2086 3542
222 240 369 281 Lim-:a
403 235 619 288 Paruum]
680 234 998 278 PRINCIPIA
1029 236 1520 282 MATHEMATICA.
1867 250 1922 286 69

281 356 371 397 Cas.
404 356 442 394 2.
465 350 534 401 Et,
565 363 641 404 per
657 349 820 407 Legum
843 349 1118 392 corollarium
1137 351 1339 407 quintum,
1359 352 1532 408 perinde
1551 361 1625 404 est,
1643 353 1727 394 sive
1747 355 1927 410 quiescat

222 423 468 480 superficies,
508 423 565 463 in-
583 421 663 478 qus
695 433 844 476 corpus
875 420 1069 463 describit
1095 419 1271 479 figuram
1301 424 1579 475 curvilineam,
1611 424 1695 466 sive
1713 435 1926 467 moveatur

224 494 370 537 eadem
402 491 485 534 una
519 506 614 533 cum
634 505 818 547 corpore,
849 490 981 548 figura
1016 491 1234 548 descripta,
1265 501 1308 535 et
1336 503 1491 549 puncto
1522 509 1598 537 suo
1620 495 1651 537 S
1669 494 1926 537 uniformiter

220 581 263 607 1n
283 564 495 606 directum.

278 636 405 677 Corol.
441 641 477 676 1.
509 633 561 675 In
581 633 720 688 spatiis
740 633 806 674 vel
824 632 969 674 mediis
998 647 1084 674 non
1104 634 1392 687 resistentibus,
1421 635 1456 677 si
1475 650 1581 677 areae
1600 650 1687 677 non
1706 642 1801 678 sunt
1819 642 1923 677 tem-

217 706 386 762 poribus
405 704 744 760 proportionaleS,
776 704 881 745 vires
901 719 985 745 non
1014 704 1189 747 tendunt
1222 705 1275 747 ad
1305 692 1550 749 concursum
1583 706 1812 758 radiorum3
1845 709 1923 764 (⁸)

218 777 291 819 sed
310 776 406 818 inde
425 776 633 833 ‘declinant
651 776 695 816 in
715 775 1015 831 consequentia,
1047 790 1118 816 seu
1136 791 1277 817 versus
1306 776 1471 834 plagam
1499 777 1542 818 in
1563 792 1687 834 quam
1705 778 1755 820 fit
1772 787 1922 831 motus,

218 849 252 889 si
273 847 397 888 modo
419 861 607 889 arearum
627 846 848 900 descriptio
882 845 1157 888 acceleratur:
1189 847 1251 888 sin
1270 843 1513 899 retardatur,
1550 848 1758 891 declinant
1787 850 1831 891 in
1851 865 1924 892 an-

217 918 456 960 tecedentia.

279 990 408 1030 Corol.
438 994 477 1029 2.
510 986 588 1043 (¹²)
620 987 671 1029 In
690 987 834 1029 mediis
856 988 979 1030 etiam
1011 988 1305 1041 resistentibus,
1343 990 1378 1032 si
1411 1005 1599 1032 arearum
1619 991 1840 1048 descriptio
1859 1009 1927 1036 ac·-

221 1059 434 1109 celeratur,
456 1058 604 1099 virium
624 1058 869 1101 directiones
889 1058 1096 1102 declinant
1115 1058 1140 1101 a
1155 1075 1355 1103 concursu
1369 1062 1579 1108 radiorum
1593 1078 1732 1106 versus
1747 1064 1926 1123 plagam,

217 1130 261 1171 in
282 1144 405 1185 quam
424 1128 472 1170 fit
490 1135 637 1170 motus.

969 1243 1179 1286 Scholium.

279 1351 435 1409 Urgeri
476 1359 613 1406 potest
632 1365 780 1406 corpus
802 1349 825 1390 a
845 1350 885 1391 vi
901 1351 1124 1406 centripeta
1146 1351 1368 1407 composita
1381 1366 1434 1393 ex
1447 1353 1634 1407 pluribus
1654 1353 1818 1395 viribus·
1877 1355 1929 1397 In

225 1422 306 1463 hoc
327 1437 424 1463 casu
445 1437 586 1464 sensus
606 1422 898 1477 propositionis
919 1429 993 1472 est,
1016 1421 1129 1477 quod
1148 1422 1207 1463 vis
1227 1423 1297 1464 illa
1315 1438 1408 1478 quae
1438 1437 1491 1464 ex
1510 1423 1700 1465 omnibus
1721 1426 1933 1480 componi-

223 1501 303 1543 tur,
325 1493 458 1534 tendit
477 1492 529 1533 ad
557 1500 756 1547 punctum
780 1493 821 1534 S.
881 1498 893 1547 (
910 1491 921 1514 ¹
938 1492 951 1544 )
985 1492 1117 1533 Porro
1138 1492 1172 1533 si
1190 1493 1250 1534 vis
1267 1493 1402 1549 aliqua
1422 1502 1517 1551 agat
1553 1493 1769 1549 perpetuo,
1789 1511 1934 1537 secun-

227 1563 327 1603 dum
347 1563 499 1604 lineam
520 1563 752 1617 superficiei
772 1562 988 1617 descriptae
1016 1563 1421 1617 perpendicularem3
1453 1565 1542 1605 haec
1570 1565 1691 1607 faciet
1718 1574 1765 1607 ut
1784 1581 1936 1621 corpus

227 1633 467 1674 deflectatur
486 1630 510 1672 εὶ
528 1632 654 1687 plano
669 1633 731 1673 sui
750 1640 886 1674 motus
904 1648 913 1673 :
946 1632 1019 1674 sed
1039 1633 1307 1688 quantitatem
1343 1635 1574 1689 superficiei
1608 1636 1825 1692 descriptae
1858 1634 1936 1679 nec

225 1704 392 1762 augebit
410 1718 487 1746 nec
505 1703 675 1754 minuet,
698 1711 739 1745 et
756 1710 977 1760 propterea
996 1703 1039 1744 in
1060 1705 1358 1760 compositione
1374 1706 1521 1747 virium
1537 1707 1784 1764 negligenda
1804 1715 1877 1755 est,

569 1857 954 1901 PROPOSITIO
985 1858 1067 1900 ΙΙΙ.
1109 1857 1470 1905 THEOREMA
1501 1859 1587 1908 ΙΙΙ.

226 1940 375 1993 Corpus
394 1953 514 1990 omne,
547 1942 651 1994 quod
682 1942 799 1982 radio
828 1943 885 1982 ad
914 1948 1084 1982 centrum
1114 1943 1287 1997 corporis
1305 1943 1468 1984 alterius
1486 1949 1674 1998 utcunque
1699 1945 1793 1985 moti
1821 1946 1933 1986 ducto

272 2010 453 2050 describit
481 2024 602 2052 areas
634 2012 739 2052 circa
772 2018 941 2053 centrum
975 2013 1076 2052 illud
1104 2013 1335 2066 temporibus
1362 2015 1692 2068 proportionales,
1715 2021 1874 2069 urgetur
1893 2017 1933 2056 vi

277 2080 484 2134 composita
504 2097 552 2122 ea:
571 2084 612 2123 vi
644 2083 859 2137 centripetd
897 2085 1076 2125 tendente
1094 2085 1150 2126 ad
1167 2099 1303 2138 corpus
1324 2086 1426 2126 illud
1445 2088 1621 2136 alterum,
1643 2093 1680 2127 et
1700 2102 1748 2128 ex
1767 2088 1807 2128 vi
1826 2088 1931 2128 omni

277 2151 547 2215 acceleratrice
564 2151 641 2205 qud
660 2167 796 2207 corpus
815 2155 917 2195 illud
934 2155 1098 2195 alterum
1114 2161 1286 2210 urgetur.

286 2270 335 2328 (k
351 2271 365 2324 )
398 2271 462 2313 Sit
499 2285 648 2327 corpus
684 2272 866 2327 primum
903 2273 954 2323 L,
986 2281 1028 2314 et
1066 2287 1214 2327 corpus
1269 2273 1444 2315 alterum
1468 2274 1534 2316 T:

1586 2282 1627 2316 et
1665 2278 1756 2329 (per
1791 2273 1930 2330 legum

257 2412 296 2455 (⁸
309 2412 323 2453 )
348 2416 417 2444 178.
439 2412 499 2443 Sed
513 2411 588 2443 inde
603 2411 784 2443 declinant'
775 2422 807 2441 m
828 2410 1051 2452 consequentia,

219 2456 245 2486 si
260 2454 353 2486 modo
368 2465 508 2486 arearum
531 2455 694 2494 descriptio
715 2454 918 2485 acceleratur.
945 2454 992 2483 sin
1007 2464 1054 2484 re-

218 2498 364 2534 tardatur,
402 2497 557 2528 declinant
585 2497 619 2527 in
648 2496 867 2527 antecedentia.
913 2496 998 2526 Nam
1027 2496 1052 2525 si

218 2540 411 2581 triangulum
439 2540 460 2570 S
478 2540 506 2570 B
525 2540 560 2575 C,
591 2539 708 2579 aequale
736 2549 799 2569 non
824 2544 870 2569 est
897 2538 1052 2578 triangulo

223 2583 244 2613 S
261 2583 292 2613 A
311 2583 349 2618 B,
379 2592 434 2612 seu
452 2583 474 2612 S
490 2582 518 2613 B
534 2591 561 2618 c,
591 2581 700 2612 eodem
732 2587 870 2620 tempore
892 2581 1050 2619 descripto.

1096 2411 1290 2450 scriptionem
1305 2410 1398 2441 etiam
1412 2409 1532 2440 sublata
1556 2410 1650 2440 medii
1663 2408 1833 2440 resistentia
1846 2420 1932 2442 acce·

1097 2454 1186 2484 lerari
1201 2458 1348 2492 oportere,
1365 2463 1400 2482 ac
1423 2450 1553 2491 proinde
1574 2462 1630 2491 per
1647 2452 1760 2483 Coroll.
1781 2463 1801 2482 1.
1818 2452 1930 2484 virium

1097 2496 1278 2527 directiones
1293 2494 1444 2525 declinare
1460 2495 1479 2525 a
1493 2504 1643 2525 concursu
1665 2494 1830 2532 radiorum,
1846 2495 1880 2525 in
1896 2497 1928 2533 S,

1094 2539 1199 2569 versus
1213 2537 1359 2578 plagam'
1349 2547 1383 2566 m
1397 2547 1490 2588 quam
1510 2537 1546 2567 fit
1559 2543 1672 2567 motus.

1139 2586 1151 2622 (
1165 2581 1194 2620 ἰ)
1219 2584 1290 2611 180.
1318 2578 1415 2610 Porro
1429 2579 1454 2609 si
1479 2579 1525 2608 vis
1538 2579 1592 2609 illa
1600 2578 1748 2618 perpetuo
1760 2579 1931 2611 secundum

220 2630 302 2655 recta
319 2625 344 2655 C
361 2635 388 2661 c,
418 2634 482 2654 non
511 2624 568 2654 erit
595 2623 741 2662 parallela¹
768 2623 860 2653 lineae
890 2624 919 2654 B
938 2623 969 2659 S,
999 2622 1054 2652 sed

220 2667 369 2716 producta
383 2677 456 2697 cum
470 2665 552 2696 linea
569 2667 590 2696 S
607 2667 643 2700 B,
665 2666 708 2695 ita
722 2671 886 2706 converget
900 2671 935 2696 ut
949 2665 1054 2695 tendat

221 2708 255 2738 in
268 2709 393 2749 plagam
414 2708 526 2745 motus,
554 2708 580 2738 si
602 2708 795 2749 triangulum
809 2708 830 2738 S
847 2709 874 2738 B
894 2709 930 2743 C,
960 2708 1055 2738 trian-

221 2751 297 2791 gulo
314 2752 335 2781 S
353 2752 380 2782 B
397 2761 423 2788 c,
439 2752 542 2792 majus
556 2757 609 2786 est,
635 2758 668 2780 et
679 2750 808 2780 tendat’
798 2760 832 2779 ln
846 2750 970 2790 plagam
981 2760 1055 2780 con-

222 2793 347 2823 trariam
374 2793 400 2823 si
415 2792 608 2834 triangulum
625 2793 646 2823 S
663 2794 692 2823 B
711 2793 747 2829 C,
773 2792 929 2833 triangulo
947 2792 968 2822 S
987 2794 1010 2822 B
1027 2803 1053 2827 c,

222 2835 334 2864 minus.
384 2835 490 2870 Quare
512 2835 557 2865 vis
580 2835 746 2874 centripeta
759 2835 794 2864 in
821 2836 855 2871 Β,
886 2845 980 2875 agens
1005 2845 1052 2866 se-

224 2876 363 2907 eundum
386 2876 584 2908 directionem
607 2877 784 2917 parallelam
813 2877 903 2907 lineae
921 2878 946 2908 C
962 2887 989 2914 c,
1019 2877 1052 2907 in

224 2919 324 2959 primo
338 2928 410 2949 casu
425 2919 581 2950 declinat·
571 2930 605 2949 111
620 2920 846 2960 consequentia.
872 2919 905 2948 in
921 2919 1056 2949 secundo

224 2971 297 2991 casu
312 2960 466 2991 declinat
456 2971 490 2991 m
504 2962 722 2992 antecedentia.

1097 2623 1211 2654 lineam
1251 2622 1422 2661 superficiei
1455 2621 1613 2660 daecriptae
1647 2621 1930 2671 perpendicularem

1096 2672 1176 2706 agat,
1191 2665 1322 2705 planum
1335 2665 1514 2705 subjectum
1523 2663 1671 2694 duntaxat
1684 2664 1804 2703 premit,
1821 2670 1852 2695 et
1864 2675 1931 2699 our-

1097 2718 1157 2747 pus
1171 2709 1204 2738 in
1219 2707 1273 2737 illo
1287 2707 1380 2746 plano
1394 2713 1514 2737 motum
1529 2706 1562 2735 in
1577 2712 1717 2736 neutram
1739 2712 1857 2745 partem
1871 2707 1931 2737 im-

1097 2750 1193 2799 pellit,
1209 2761 1244 2780 ac
1258 2748 1385 2788 proinde
1400 2760 1456 2779 nec
1471 2748 1642 2787 superficiei
1660 2748 1818 2787 descriptae
1828 2759 1931 2788 „quan-

1096 2793 1216 2823 titatem
1230 2797 1324 2832 auget
1337 2802 1394 2822 nec
1408 2791 1530 2827 minuit,
1544 2797 1574 2820 et
1587 2789 1745 2829 propterea
1759 2791 1792 2820 in
1806 2801 1930 2831 compo-

1095 2835 1204 2866 sitione
1220 2835 1330 2864 virium
1346 2834 1380 2863 in
1395 2834 1487 2872 plano
1502 2833 1659 2873 agentium
1673 2833 1860 2874 negligenda
1873 2841 1928 2866 est.

1139 2879 1200 2918 (k)
1229 2880 1297 2907 181.
1346 2876 1466 2914 Corpus
1492 2875 1532 2911 L,
1572 2874 1651 2905 circa
1675 2875 1805 2906 alterum
1832 2876 1871 2913 T,
1898 2878 1931 2907 in

1099 2930 1191 2949 curva
1211 2920 1240 2949 A
1259 2919 1287 2949 L
1306 2919 1344 2954 B,
1360 2917 1403 2948 ita
1417 2917 1598 2954 revolvatur,
1613 2923 1650 2947 ut
1663 2917 1742 2947 circa
1763 2918 1846 2948 illius
1860 2929 1935 2949 cen-

1099 2968 1183 2992 trum
1201 2962 1239 2998 T,
1256 2971 1374 2999 semper
1389 2939 1630 2990 describatanias
1651 2960 1838 2999 temporibus
1862 2972 1932 3000 pro-

268 3002 329 3042 (h)
358 3006 426 3036 179
453 3004 534 3034 Cum
550 3004 634 3034 enim
661 3003 800 3034 medium
814 3003 932 3035 resistat
945 3003 1059 3034 accele-
1101 3003 1293 3043 portionales,
1314 3002 1390 3032 dum
1414 3002 1538 3032 interim
1562 3012 1672 3041 corpus
1698 3003 1736 3039 T,
1760 3009 1888 3043 urgetur
1901 3005 1931 3034 vi

224 3044 334 3076 rationi
347 3043 557 3084 descriptionis
570 3056 720 3083 arearum,
732 3045 828 3086 liquet
842 3055 980 3076 arearum
1006 3046 1059 3076 de·
1102 3045 1308 3077 acceleratrice
1331 3043 1502 3075 secundum
1517 3044 1713 3076 directionem
1727 3024 1759 3075 Τ
1777 3045 1820 3081 Q,
1835 3051 1866 3075 et
1879 3055 1932 3085 per

1070 3087 1132 3117 Εὖ
