2086 3542
155 255 303 321 Lme
326 257 541 309 Parmos]
630 256 949 299 PRINCIPIA
979 255 1469 299 MATHEMATICA.
1767 264 1843 302 361

352 454 729 499 PROPOSITIO
760 454 980 497 LXXIII.
1041 454 1400 498 THEOREMA
1432 457 1658 499 XXXIII.

147 587 194 630 Si
212 589 269 629 ad
283 587 448 641 fflhaerce
464 586 628 642 alicujus
647 588 754 627 datae
763 592 914 640 puncta
933 587 1087 641 singula
1115 588 1279 628 tendant
1306 589 1473 641 aequales
1501 589 1602 629 vires
1628 589 1851 642 centripetae

202 659 454 700 decrescentes
473 657 516 698 in
536 657 738 711 duplicata
758 657 911 697 ratione
932 658 1209 698 distantiarum
1229 672 1255 698 a
1267 659 1425 711 punctis
1438 676 1452 698 .·
1472 659 1559 698 dico
1577 661 1680 712 quod
1696 673 1851 712 corpus-

200 731 323 771 culum
344 730 453 770 intra
471 730 662 782 sphoeram
683 729 924 770 constitutmn
944 729 1160 770 attrahitur
1178 730 1219 769 vi
1229 730 1525 783 proportionali
1552 731 1755 772 distantiae
1771 744 1851 771 suoe

201 802 252 843 ab
272 802 393 855 ipsius
411 807 552 842 centro.

202 915 255 958 In
276 914 438 971 sphaera
469 916 510 957 A
531 917 566 958 C
600 913 707 964 BD,
745 922 888 956 centro
919 915 949 956 S
980 914 1052 956 de-

143 985 309 1041 scripta,
327 986 485 1027 locetur
499 984 790 1040 corpusculum
809 985 870 1033 P3
901 992 942 1025 et
957 999 1052 1025 cen·
1456 980 1490 1020 C

142 1063 208 1097 tro
237 1056 384 1098 eodem
416 1057 459 1106 S,
493 1055 708 1096 intervallo
744 1055 774 1096 S
798 1054 844 1104 P,
881 1055 1050 1110 concipe

141 1126 348 1180 sphaeram
368 1125 606 1167 interiorem
628 1124 664 1165 P
685 1125 722 1166 E
739 1124 783 1173 Q
805 1124 840 1165 F
860 1124 1049 1166 describi.

143 1195 416 1238 Manifestum
456 1203 531 1246 est,
549 1211 558 1219 ·
583 1198 675 1250 (per
715 1195 841 1249 Prop.
882 1194 1049 1248 LXX.)

140 1266 252 1322 quod
272 1266 484 1322 sphaericae
506 1265 742 1320 superficies
764 1265 1048 1315 concentricae,

143 1351 197 1378 ex
212 1337 361 1392 quibus
376 1335 632 1392 sphaerarum
648 1335 876 1377 differentia
889 1336 1049 1377 AEBF

137 1408 415 1463 componitur,
441 1406 750 1448 attractionibus
770 1406 853 1447 suis
881 1421 957 1462 per
988 1415 1048 1448 at-

136 1480 357 1522 tractiones
371 1479 596 1520 contrarias
610 1478 838 1529 destructis,
848 1479 908 1520 nil
920 1487 1049 1536 agunt
1164 1463 1222 1553 Χ

134 1552 178 1594 in
216 1566 367 1606 corpus
407 1551 459 1594 P.
550 1552 696 1593 Restat
734 1550 821 1592 sola
860 1550 1048 1592 attractio

135 1622 310 1677 sphaerae
339 1621 545 1663 interioris
578 1622 614 1663 P
635 1622 673 1663 E
694 1621 737 1670 Q
759 1622 806 1663 F.
867 1621 924 1663 Et
955 1624 1048 1676 (per
1223 1554 1690 1665 U

136 1695 263 1749 Prop.
300 1693 518 1746 LXXII.)
559 1693 651 1734 haec
682 1700 744 1734 est
774 1701 821 1733 ut
854 1692 1047 1734 distantia
1408 1670 1456 1719 D

136 1765 174 1807 P
195 1766 239 1808 S.
300 1764 356 1813 Q.
378 1779 414 1806 e.
436 1764 477 1805 d.

881 1918 1085 1960 scholium.

197 2035 459 2093 Superficies,
481 2048 534 2076 ex
554 2033 701 2089 quibus
722 2031 854 2073 solida
873 2038 1190 2086 componuntur,
1211 2031 1280 2074 hic
1309 2045 1395 2073 non
1427 2039 1523 2074 sunt
1552 2015 1656 2087 pure
1686 2032 1844 2077 mathe-

79 2121 85 2123 ”
134 2111 310 2159 maticae,
331 2107 404 2150 sed
424 2106 547 2147 orbes
568 2105 672 2146 adeo
693 2113 847 2154 tenueS‚
863 2111 909 2144 ut
923 2117 1066 2144 eorum
1087 2104 1313 2145 crassitudo
1332 2105 1462 2146 instar
1480 2105 1599 2145 nihili
1619 2106 1693 2155 sit3
1723 2107 1844 2147 nimi-

131 2197 227 2225 rum
249 2181 372 2222 orbes
392 2186 693 2226 evanescenteS‚
725 2190 780 2217 ex
801 2174 948 2231 quibus
974 2174 1136 2229 sphaera
1155 2174 1301 2216 ultimo
1322 2183 1492 2226 constat,
1523 2176 1594 2217 ubi
1615 2177 1776 2218 orbium
1796 2178 1843 2218 il-

130 2259 267 2300 lorum
298 2269 494 2296 numerus
524 2259 699 2309 augetur
728 2259 770 2291 et
803 2249 1029 2290 crassitudo
1062 2249 1262 2290 minuitur
1294 2250 1339 2291 in
1366 2250 1586 2292 infinitum.
1639 2250 1844 2292 Similiter

130 2345 207 2386 per
225 2335 391 2384 puncta,
423 2340 478 2367 ex
498 2324 646 2380 quibus
666 2323 800 2373 lineae,
832 2321 1068 2376 superficies
1099 2330 1141 2363 et
1160 2321 1301 2371 solida,
1333 2323 1525 2378 componi
1544 2323 1750 2372 dicuntur,
1781 2323 1842 2363 in-

130 2400 368 2458 telligendae
388 2406 485 2440 sunt
503 2396 716 2453 particulae
735 2394 912 2451 aequales
933 2393 1225 2451 magnitudinis
1246 2395 1570 2437 contemnendae.

340 2583 718 2628 PROPOSITIO
749 2582 964 2625 LXXIV.
1026 2581 1385 2624 THEOREMA
1416 2565 1638 2625 XXXIV.

127 2702 272 2744 Iisdem
284 2701 442 2754 positis,
464 2700 550 2740 dico
571 2699 673 2753 quod
696 2697 955 2751 corpusculum
985 2702 1098 2737 extra
1128 2696 1321 2749 ,sphaeram
1347 2698 1591 2739 constitutum
1620 2699 1836 2741 attrahitur

185 2773 226 2814 vi
243 2770 436 2825 reciproce?
446 2769 745 2825 proportionali
763 2768 957 2822 quadrato
978 2767 1179 2808 distantiae
1197 2780 1276 2807 suae
1293 2767 1344 2808 ab
1363 2768 1485 2821 ipsius
1503 2774 1644 2809 centro.

185 2887 298 2928 Nam
317 2884 593 2942 distinguatur
612 2882 776 2939 sphaera
801 2882 846 2923 in
875 2881 1111 2937 superficies
1143 2881 1364 2936 sphaericas
1392 2883 1627 2925 innumeras
1659 2898 1834 2927 concen-

126 2958 262 3008 tricas‚
284 2964 326 2998 et
355 2953 879 3017 attractiones'corpusculi
908 2968 933 2994 a
962 2952 1132 3009 singulis
1168 2953 1463 3007 superficiebus
1497 2955 1683 2997 oriundae
1713 2965 1833 2998 erunt

127 3028 336 3085 reciproce
356 3026 684 3083 proportionales
705 3025 907 3082 quadrato
927 3025 1132 3066 distantiae
1147 3025 1380 3078 corpusculi
1395 3041 1420 3066 a
1434 3034 1577 3068 centro
1597 3031 1689 3083 (per
1705 3029 1831 3084 Prop.
