2086 3542
227 226 307 268 176
570 217 1015 266 PHILOSOPHIAE
1045 220 1402 265 NATURALIS
1518 219 1667 274 [Mo'r.
1698 217 1901 271 commu.

221 335 326 377 toria
344 335 609 395 describenda
627 344 698 378 est.
756 336 840 379 Per
857 335 1000 379 eadem
1019 349 1116 378 vero
1144 334 1328 378 describi*
1340 341 1478 391 potest
1494 334 1723 391 trajectoria
1739 334 1811 378 illa
1824 348 1903 392 per

222 405 442 448 Problema
459 405 607 449 XVII.
666 406 721 456 Q.
741 421 776 449 e.
797 406 827 448 f.

831 503 1061 546 LEMMA
1100 500 1279 544 XXIII.

213 589 260 633 Si
277 594 390 630 rectae
417 589 504 629 duce
515 589 709 642 positione
728 589 832 628 datae
852 588 892 629 A
915 587 966 637 C,
989 587 1027 629 B
1047 585 1091 628 D
1120 586 1176 626 ad
1193 587 1289 627 data
1302 588 1451 637 puncta
1471 582 1527 634 A,
1550 581 1600 632 B,
1635 582 1898 635 terminentur,
1979 611 1990 626 .

269 660 473 713 datamque
490 660 656 700 habeant
675 659 863 699 rationem
895 658 951 697 ad
969 657 1139 704 invicem,
1170 660 1208 696 et
1235 659 1341 694 recta
1364 653 1400 694 C
1420 653 1480 702 D,
1511 651 1587 706 qud
1609 659 1758 706 puncta
1788 654 1899 694 inde-

267 730 476 772 terminata
499 729 547 778 C,
570 729 613 770 D
620 727 855 782 junguntur,
884 731 1029 767 secetur
1047 725 1090 765 in
1105 724 1257 766 ratione
1276 720 1372 763 clatet
1392 722 1435 762 in
1457 721 1499 763 K
1521 737 1532 763 ι
1563 722 1649 763 dico
1670 724 1771 777 quod
1778 736 1902 777 punc-

267 806 346 841 tum
368 799 411 840 K
425 799 611 839 locabitur
630 799 672 838 in
686 795 791 838 rectct
803 796 998 849 positione
1019 793 1127 835 datd.

217 922 221 927 .
269 885 320 940 (Ἰ)
353 883 609 924 concurrant
628 882 737 924 enim
769 889 892 923 rectae
913 881 950 922 A
970 880 1020 930 C,
1053 879 1090 922 B
1110 879 1154 921 D
1185 878 1229 918 in
1264 876 1315 927 E,
1347 883 1389 918 et
1407 875 1451 916 in
1472 873 1509 916 B
1540 873 1578 916 E
1597 876 1779 932 capiatur
1799 878 1838 922 B
1858 878 1902 922 G

211 953 266 996 ad
285 954 325 995 A
347 954 384 995 E
404 960 449 994 ut
468 961 527 993 est
548 953 584 994 B
605 953 649 994 D
685 951 738 993 ad
771 953 811 993 A
834 951 883 1003 C,
914 951 1043 1006 sitque
1075 949 1110 990 F
1129 949 1173 990 D
1194 960 1354 1002 semper
1373 944 1542 1002 aequalis
1562 944 1669 989 datae
1690 945 1727 988 E
1748 947 1790 991 G
1807 963 1820 998 3
1860 955 1902 990 et

213 1024 292 1065 erit
311 1037 363 1064 ex
390 1022 688 1063 constructione
718 1022 755 1062 E
796 1021 832 1064 C
1482 1024 1526 1073 C

215 1091 268 1133 ad
290 1090 329 1132 G
350 1090 407 1140 D,
449 1090 527 1130 hoc
558 1098 630 1132 est,
661 1088 715 1129 ad
729 1088 773 1143 ,E
795 1088 831 1130 F

215 1167 261 1200 ut
281 1159 321 1199 A
343 1157 378 1198 C
407 1156 460 1197 ad
488 1157 524 1197 B
554 1156 611 1207 D,
654 1155 829 1211 ideoque

216 1223 259 1266 in
279 1225 435 1266 ratione
454 1223 561 1274 data,
592 1230 633 1264 et
662 1231 844 1278 propte--

212 1311 283 1338 rea
319 1294 481 1336 dabitur
533 1294 664 1348 specie
701 1294 827 1337 trian-

211 1365 355 1423 gulum
395 1364 432 1405 E
468 1364 502 1405 F
539 1364 587 1405 C.
658 1363 828 1405 Secetur

212 1436 248 1477 C
284 1436 318 1477 F
355 1435 400 1475 in
430 1434 466 1476 L
495 1441 541 1475 ut
578 1433 826 1475 sitCLad

212 1503 248 1545 C
285 1503 320 1544 F
356 1503 400 1543 in
433 1502 588 1543 ratione
617 1501 654 1543 C
695 1501 738 1543 K
770 1502 824 1543 ad

213 1571 249 1613 C
269 1571 337 1621 D;
367 1578 408 1611 et
445 1570 498 1611 ob
538 1569 675 1610 datam
710 1568 823 1611 illam

210 1639 420 1690 rationem,
476 1637 638 1679 dabitur
698 1637 821 1679 etiam
976 1642 979 1644 ’
1070 1655 1121 1685 ......

210 1707 344 1762 specie
364 1706 613 1763 triangulum
639 1705 677 1747 E
698 1705 734 1747 F
754 1705 817 1752 L;
875 1710 916 1752 E?

212 1776 465 1832 proindeque
484 1782 682 1831 punctum
722 1775 762 1817 L
790 1774 989 1817 locabitur
1007 1776 1051 1815 in
1084 1774 1194 1816 rectz'i
1216 1774 1254 1815 E
1288 1773 1325 1814 L
1359 1774 1561 1828 positione
1599 1775 1706 1817 data.
1764 1776 1901 1834 Junge

217 1847 255 1888 L
278 1846 332 1896 K,
363 1853 404 1887 et
424 1845 569 1887 similia
602 1852 721 1885 erunt
739 1844 942 1901 triangula
975 1845 1011 1886 C
1044 1845 1081 1886 L
1104 1844 1158 1893 K,
1184 1843 1220 1885 C
1242 1842 1276 1883 F
1294 1842 1369 1893 D3
1400 1850 1441 1884 et
1473 1844 1527 1884 ob
1558 1844 1694 1885 datam
1728 1845 1763 1887 F
1795 1846 1838 1887 D
1860 1855 1900 1889 et

215 1916 352 1957 datam
370 1915 569 1956 rationem
584 1914 621 1956 L
636 1914 677 1955 K
697 1914 749 1956 ad
772 1915 807 1956 F
826 1915 870 1956 D
891 1914 1052 1955 dabitur
1072 1914 1110 1955 L
1129 1912 1182 1954 K.
1243 1912 1357 1954 Huic
1377 1913 1542 1969 aequalis
1570 1915 1752 1969 capiatur
1777 1915 1814 1956 E
1837 1916 1897 1968 H,

218 1996 259 2027 et
277 1985 354 2027 erit
373 1999 530 2039 semper
550 1984 589 2026 E
609 1984 645 2024 L
667 1983 710 2025 K
732 1984 778 2025 H
799 1984 1233 2040 parallelogrammum.
1293 1983 1473 2024 Locatur
1495 1984 1619 2040 igitur
1637 1993 1835 2040 punctum
1857 1986 1899 2028 K

211 2057 255 2098 in
268 2056 636 2112 parallelogrammi
654 2054 760 2096 illius
778 2055 904 2097 latere
922 2055 1124 2110 positione
1143 2054 1239 2095 dato
1259 2053 1308 2095 H
1330 2053 1385 2095 Κ.
1445 2053 1499 2103 Q.
1521 2070 1555 2096 e.
1576 2055 1616 2096 d.

273 2128 402 2168 Corol.
425 2126 493 2168 Ob
513 2126 650 2167 datam
662 2126 793 2181 specie
807 2126 981 2184 figuram
1002 2126 1040 2167 E
1062 2126 1097 2167 F
1117 2125 1155 2166 L
1176 2126 1225 2175 C,
1247 2133 1369 2166 rectae
1384 2132 1466 2166 tres
1488 2126 1526 2167 E
1547 2126 1595 2176 F,
1619 2125 1656 2167 E
1676 2126 1715 2168 L
1737 2135 1777 2169 et
1797 2127 1834 2169 E
1848 2126 1898 2179 C,

215 2198 259 2240 id
288 2206 348 2240 est
368 2197 410 2239 G
430 2197 488 2249 D,
512 2197 559 2238 H
581 2197 623 2240 K
643 2204 685 2239 et
705 2197 743 2239 E
765 2197 814 2249 C,
845 2197 959 2239 datas
988 2196 1142 2238 habent
1159 2197 1335 2237 rationes
1354 2196 1408 2238 ad
1437 2197 1623 2240 invicem.

838 2297 1067 2340 LEMMA
1106 2295 1276 2339 XXIV.

211 2383 256 2425 Si
275 2388 387 2424 rectae
400 2388 477 2423 tres
495 2387 660 2436 tangant
680 2395 936 2435 quamcunque
954 2382 1042 2422 coni
1059 2382 1272 2430 sectionem,
1304 2394 1463 2436 quarum
1484 2382 1571 2422 duce
1590 2382 1802 2435 parallelae
1820 2382 1898 2422 sint

266 2467 313 2493 ac
327 2454 464 2493 dentur
468 2440 664 2505 positione
675 2472 690 2497 ;
722 2452 808 2492 dico
822 2452 923 2505 quod
933 2452 1107 2492 sectionis
1120 2451 1395 2492 semidiameter
1412 2451 1513 2491 hisce
1528 2450 1672 2490 duabus
1678 2451 1894 2503 parallelo,

264 2523 315 2562 sit
353 2523 478 2562 media
500 2522 808 2576 proportionalis
847 2522 948 2562 inter
975 2521 1111 2561 harum
1149 2526 1351 2575 segmenta,
1396 2521 1555 2573 punctis·
1579 2525 1816 2560 contactuum
1857 2526 1895 2561 et

266 2592 442 2645 tangenti
460 2582 589 2632 terti&
614 2589 824 2644 interjecta.

270 2673 398 2714 Sunto
419 2673 460 2714 A
481 2673 529 2723 F,
561 2670 603 2714 G
625 2672 662 2714 B
681 2672 885 2727 parallelae
905 2671 998 2713 duae
1018 2671 1110 2712 coni
1131 2672 1348 2714 sectionem
1369 2671 1410 2714 A
1429 2671 1473 2714 D
1492 2672 1529 2713 B
1557 2679 1769 2728 tangentes
1790 2674 1833 2712 in
1854 2671 1892 2713 A

214 2749 254 2782 et
274 2741 309 2781 B
324 2757 335 2790 3
367 2741 404 2782 E
418 2742 453 2783 F
472 2749 582 2783 recta
601 2742 718 2783 tertia
737 2741 829 2782 coni
849 2741 1067 2782 sectionem
1086 2748 1256 2797 tangens
1275 2742 1318 2782 in
1339 2742 1374 2791 I,
1397 2749 1437 2782 et
1456 2755 1671 2782 occurrens
1691 2743 1894 2796 prioribus

214 2810 470 2864 tangentibus
495 2811 539 2851 in
570 2811 604 2852 F
625 2817 665 2851 et
686 2811 753 2860 G3
791 2811 918 2866 sitque
935 2811 971 2851 C
985 2810 1027 2850 D
1062 2810 1359 2852 semidiameter
1379 2811 1524 2866 figurae
1544 2813 1802 2867 tangentibus
1821 2827 1894 2867 pa-

214 2877 352 2919 rallela
369 2893 378 2919 :
407 2879 497 2921 dico
518 2880 627 2936 quod
648 2880 688 2922 A
705 2881 752 2931 F,
777 2881 812 2922 C
832 2881 889 2931 D,
921 2880 957 2921 B
973 2880 1013 2922 G
1034 2888 1128 2921 sunt
1140 2879 1330 2930 continue
1350 2881 1687 2935 propm·tionaleS.
1706 2870 1709 2874 ¹

215 2966 320 2992 centro
350 2962 390 2999 O,
410 2973 443 3011 ,δε
470 2965 579 2994 mutuo
600 2965 789 2996 intersecant.
837 2965 921 2996 Nam
951 2970 1043 2996 rectoe
1085 2968 1133 2996 27.
1149 2970 1179 2995 et
1192 2967 1242 2995 31.
1264 2964 1332 2996 Lib.
1352 2967 1380 2994 2.
1401 2963 1505 2995 Conic.
1527 2965 1627 3004 Apoll.
1646 2973 1742 3007 utque
1764 2969 1896 3007 sequitur

215 3012 289 3042 quae
315 3011 450 3042 opposmi
487 3012 679 3036 contactuum
691 3012 805 3044 puncta
814 3005 962 3046 jungunt.
973 3013 1044 3037 sunt
1086 3016 1122 3037 ex
1138 3007 1226 3038 Lem.
1249 3006 1308 3037 lv.
1327 3006 1365 3036 de
1383 3006 1488 3036 Conic.
1506 3018 1533 3045 p.
1557 3008 1641 3047 119).

212 3044 358 3077 sectionis
378 3045 512 3076 diametri
535 3053 637 3078 centro
654 3050 683 3079 Ο
707 3051 827 3080 bisectae
857 3052 924 3091 (per
948 3049 1038 3089 Prop-
1128 3048 1172 3090 (q)
1197 3050 1214 3068 ⁸
1238 3048 1310 3080 Vid.
1329 3054 1390 3079 not.
1409 3052 1459 3080 67.
1476 3059 1545 3091 pag.
1562 3052 1613 3080 28.
