2086 3542
206 223 351 266 Lumn
372 225 586 276 anus.]
639 220 958 268 PRINCIPIA
989 225 1477 270 MATHEMATICA.
1815 235 1894 272 168

952 383 1153 425 Scholium.

265 497 527 540 Constructio
555 497 670 552 prior
699 497 844 539 evadet
862 498 995 552 ,paulo
1017 498 1240 554 simplicior
1264 498 1479 555 jungendo
1499 498 1538 540 B
1567 500 1615 549 P,
1649 508 1689 541 et
1707 501 1751 541 in
1770 501 1831 551 ea,
1862 503 1897 543 si

201 583 304 624 opus
337 577 410 618 est,
446 567 647 622 producta
677 568 877 623 capiendo
909 568 946 610 B
965 583 994 623 Ρ
1025 568 1078 609 ad
1106 566 1144 610 B
1166 569 1203 610 P
1231 575 1277 609 ut
1306 576 1368 610 est
1403 569 1439 610 P
1462 569 1502 611 R
1521 569 1575 610 ad
1596 570 1633 611 P
1653 556 1719 621 T,
1749 578 1791 612 et
1819 585 1895 625 per

199 654 228 694 p
290 637 452 695 agendo
509 646 664 680 rectam

198 709 400 750 infinitam
447 724 476 764 p
499 725 524 751 e
588 708 666 764 ipsi

201 780 232 823 S
249 779 285 820 P
302 780 343 821 T
355 780 606 835 parallelam,
622 788 664 821 et

198 851 243 892 in
282 851 329 893 efi
370 852 416 907 (t)
463 851 663 906 capiendo

199 935 361 975 semper
393 935 423 975 p
462 936 486 962 e
524 934 661 975 aequa-

196 990 279 1031 lem
301 991 337 1032 P
356 993 400 1041 r3
431 998 472 1031 et
500 990 661 1047 agendo

196 1069 327 1102 rectas
350 1061 386 1102 B
406 1076 443 1111 e,
463 1061 504 1112 C,
519 1075 542 1101 r
561 1075 660 1101 con·-

197 1142 405 1176 currentes
420 1133 463 1173 in
480 1133 520 1173 d.
551 1133 661 1174 Nam

196 1218 291 1244 cum
311 1204 393 1245 sint
414 1203 485 1244 Pr
504 1203 558 1244 ad
578 1202 658 1253 Pt‚

197 1265 296 1316 P'R
316 1273 661 1329 adPT‚p'Bad

195 1344 234 1385 P
256 1345 307 1395 B,
337 1360 366 1400 p
387 1361 410 1386 e
439 1345 493 1386 ad
515 1345 550 1386 P
570 1353 588 1386 t
615 1346 660 1386 in

195 1412 341 1453 efidem
348 1413 504 1454 ratione
510 1429 523 1462 3
539 1421 661 1454 erunt

193 1500 222 1540 p
238 1501 262 1526 e
282 1494 324 1527 et
344 1486 380 1527 P
395 1501 417 1526 1·
436 1501 596 1540 semper
616 1486 805 1542 aequales.
866 1484 965 1526 Hac
983 1484 1182 1526 methodo
1195 1491 1348 1539 puncta
1366 1485 1610 1540 trajectoriae
1629 1484 1894 1525 inveniuntur

194 1557 511 1612 expeditissime,
541 1558 621 1599 m'si
639 1558 767 1599 mavis
787 1571 967 1607 curvam,
989 1564 1036 1598 ut
1054 1556 1098 1597 in
1118 1557 1424 1598 constructione
1445 1555 1637 1606 secundfi,
1659 1554 1892 1596 describere

192 1628 440 1671 mechanice.

475 1783 852 1836 PROPOSITIO
883 1793 1062 1834 XXIII.
1124 1792 1467 1834 PROBLEMA
1503 1793 1604 1834 xv.

194 1912 475 1968 Trajectoriam
494 1911 719 1961 describere,
755 1922 841 1964 quae·
862 1922 941 1962 per
974 1887 1070 1948 data
1090 1912 1255 1961 quatuor
1272 1912 1424 1959 puncta
1456 1892 1666 1954 transibits
1689 1910 1727 1946 et
1745 1911 1889 1946 rectam

751 1979 946 2032 continget
961 1977 1155 2031 positione-
1172 1977 1318 2017 datam.

249 2081 337 2122 Cas.
382 2085 418 2120 1.
486 2065 653 2119 Dentur
671 2082 704 2118 O

187 2157 360 2206 tangens
383 2147 431 2189 H
449 2147 499 2197 B,
520 2160 652 2201 punc—
691 2136 782 2191 *X
813 2205 821 2214 ι

187 2227 276 2261 tum
334 2224 544 2259 contactus
599 2215 651 2266 B,
1155 2268 1171 2272 ..

188 2300 229 2333 et
264 2290 345 2331 alia
383 2289 460 2330 tria
500 2295 654 2343 puncta
969 2302 1039 2346 m„
1073 2342 1077 2345 v
1915 2320 1919 2328 .

190 2361 241 2411 C,
253 2362 312 2409 D,
324 2359 370 2401 P.
406 2357 650 2414 JungeBC‚
680 2360 716 2401 S
920 2368 1040 2400 ···········
1794 2363 1875 2404 >⁶

187 2439 229 2473 et
254 2429 415 2487 agendo
449 2428 484 2469 P
515 2429 545 2470 S
577 2441 652 2482 pa·
881 2422 889 2454 ἕ
1644 2415 1648 2419 ’

186 2502 372 2543 rallelam
389 2508 514 2551 rectae
531 2499 569 2541 B
588 2498 649 2550 H,

189 2580 230 2613 et
266 2572 301 2614 P
335 2572 378 2621 Q
411 2570 652 2626 parallelam

187 2653 315 2686 rectae
356 2645 393 2686 B
437 2633 489 2694 'C,
540 2657 652 2684 com-

187 2715 257 2769 ple
283 2722 285 2724 ’
317 2715 653 2772 parallelogram-

188 2799 303 2826 mum
324 2786 362 2827 B
381 2787 410 2828 S
427 2786 463 2827 P
477 2786 531 2836 Q.
559 2787 653 2843 Age
732 2801 742 2815 ³
855 2801 861 2808 '

192 2855 230 2896 Β
250 2855 295 2896 D
325 2864 527 2897 secantem
565 2857 594 2898 S
618 2856 652 2897 P
787 2846 790 2849 ’
838 2838 875 2876 33
1260 2834 1294 2877 Q

1302 2287 1466 2316 -------------

233 2953 276 2994 (⁸)
301 2955 317 2972 ⁰
343 2954 416 2983 Hoc
430 2959 474 2984 est
483 2954 635 2984 linearum
648 2964 708 2993 pe,
726 2951 755 2984 P
769 2963 794 2990 r,
810 2953 956 2984 alterutra
969 2952 1009 2982 ad
1050 2951 1112 2988 fiat,
1136 2955 1326 2991 agantur-que
1346 2951 1437 2976 rectae
1467 2944 1496 2975 B
1522 2954 1549 2980 e,
1574 2943 1601 2974 C
1616 2952 1645 2980 t,
1668 2945 1882 2973 concurrentes

189 2994 350 3027 arbitrium
363 2995 509 3035 capiatur,
529 3002 560 3026 et
588 2997 683 3027 altera
702 3001 868 3035 assumptae
883 2994 1009 3036 aequalis
1049 2993 1084 3023 in
1112 2992 1134 3023 d
1144 3004 1155 3030 3
1178 3001 1251 3021 nam
1266 2993 1334 3032 (per
1357 2988 1489 3028 priorem
1508 2983 1634 3025 constr)
1658 2984 1688 3016 P
1705 2994 1745 3016 τι
1765 2982 1794 3016 Ρ
1807 2989 1879 3013 t=

1028 3049 1057 3080 L
1073 3053 1094 3080 2
1644 3062 1649 3067 -
