2086 3542
182 268 327 310 Lmen
345 269 556 321 Primus]
642 267 961 310 PRINCIPIA
1001 267 1492 313 MATHEMATICA.
1789 279 1868 316 193

181 382 225 425 G
245 382 281 424 P
300 382 354 424 ad
375 381 410 423 P
425 381 493 431 Q3
530 379 574 426 id
593 388 656 423 aet
675 383 746 436 (ex
764 381 1081 434 constructione)
1101 390 1149 424 ut
1169 382 1211 424 G
1231 397 1258 424 a
1293 383 1348 424 ad
1368 384 1410 424 A
1431 384 1481 426 B.
1540 383 1780 440 AEquantur
1795 388 1872 430 ita-

177 466 259 508 que
283 467 309 493 a
322 452 350 493 b
371 460 412 492 et
431 451 473 491 A
502 449 566 499 B;
601 458 642 491 et
658 458 879 505 propterea
898 451 1102 508 triangula
1121 467 1146 493 a
1164 452 1193 493 b
1212 467 1248 504 c,
1272 453 1313 496 A
1335 453 1373 495 B
1395 453 1445 504 C,
1467 469 1561 509 quae
1579 454 1706 496 modo
1724 457 1873 504 similia

175 538 265 566 esse
289 521 564 578 probavimus,
596 530 692 563 sunt
704 523 827 563 etiam
846 523 1031 578 aequalia.
1055 523 1181 565 Unde
1196 538 1295 571 cum,
1306 532 1477 580 tangant
1490 525 1662 579 insuper
1675 527 1870 584 trianguli

174 593 220 635 D
237 593 275 635 E
296 593 331 634 F
349 591 489 647 anguli
508 592 567 641 D,
590 591 640 641 E,
666 592 702 633 F
716 592 910 648 trianguli
928 608 954 634 a
971 593 1000 634 b
1019 608 1044 635 c
1061 592 1191 635 latera
1204 609 1229 635 a
1248 594 1290 644 b,
1311 609 1336 635 a
1351 608 1386 645 c,
1407 594 1436 635 b
1458 608 1483 635 c
1502 595 1738 650 respective,
1760 611 1871 638 com·

174 663 279 719 pleri
307 670 442 717 potest
457 662 592 717 figura
612 662 653 703 A
675 662 712 703 B
735 662 771 703 C
801 662 830 703 d
849 678 872 704 e
890 662 914 703 f
934 663 1084 720 figurae
1117 678 1142 704 a
1160 664 1189 705 b
1209 678 1231 704 c
1251 664 1296 706 D
1318 663 1357 705 E
1379 664 1414 705 F
1443 664 1584 705 similis
1611 673 1654 707 et
1689 667 1872 722 aequalis,

172 738 295 790 atque
314 747 405 774 eam
421 732 668 786 complendo
687 733 868 774 solvetur
878 732 1104 788 problema.
1165 734 1218 783 Q.
1241 749 1278 776 e.
1297 733 1326 776 f.

164 822 169 827 ·
231 804 358 846 Corol.
391 803 507 844 Hinc
523 811 635 844 recta
653 803 747 844 duci
762 812 898 859 potest
917 807 1031 860 cujus
1050 816 1187 860 partes
1207 807 1463 863 longitudine
1478 807 1586 848 ‹latae
1606 808 1725 850 rectis
1743 809 1874 851 tribus

169 873 373 930 positione
393 873 498 913 datis
519 873 827 929 interjacebant.
889 867 1072 931 Concipe
1080 877 1342 933 triangulum
1362 878 1407 920 D
1429 878 1467 919 E
1488 875 1536 929 F,
1557 887 1713 934 puncto
1746 880 1791 922 D
1821 879 1875 921 ad

169 947 276 989 latus
298 947 336 988 E
358 947 393 989 F
412 946 643 997 accedente,
685 956 726 989 et
761 948 956 994 lateribus
989 949 1034 990 D
1056 949 1107 1000 E,
1130 950 1175 992 D
1197 950 1233 991 F
1251 950 1296 990 in
1315 950 1516 992 directum
1534 951 1690 1006 positis,
1726 953 1877 994 mutari

170 1017 215 1058 in
233 1017 385 1058 lineam
404 1024 570 1066 rectam,
593 1017 706 1072 cujus
725 1031 821 1071 pars
853 1017 949 1060 data
963 1018 1008 1060 D
1030 1019 1068 1060 E
1088 1019 1207 1060 rectis
1225 1019 1427 1074 poSitione
1443 1019 1548 1061 datis
1569 1023 1609 1062 A
1631 1021 1682 1072 B,
1706 1021 1746 1062 A
1763 1021 1813 1072 C,
1835 1029 1877 1063 et

164 1090 269 1143 'pars
289 1087 384 1128 data
403 1086 448 1128 D
471 1086 506 1127 F
520 1087 640 1128 rectis
659 1087 863 1142 positione
883 1088 987 1129 datis
1012 1089 1048 1130 A
1071 1089 1121 1139 B,
1145 1090 1186 1131 A
1208 1090 1257 1141 C,
1279 1090 1484 1145 interponi
1503 1090 1650 1142 debet3
1685 1099 1727 1133 et
1744 1091 1876 1147 appli-

173 1159 305 1201 cando
326 1158 670 1201 constructionem
687 1159 990 1213 praecedentem
1009 1159 1063 1201 ad
1081 1160 1193 1202 hunc
1212 1176 1350 1202 casum
1375 1162 1556 1203 solvetur
1572 1162 1800 1218 problema.

436 1287 811 1330 PROPOSITIO
842 1288 1065 1332 XXVIII.
1128 1288 1471 1331 PROBLEMA
1501 1290 1610 1332 XX.

174 1385 455 1441 Trajectoriam
472 1386 596 1438 specie
614 1391 651 1426 et
669 1387 936 1438 magnitudine
955 1387 1089 1427 datam
1109 1387 1335 1437 describere,
1365 1387 1470 1443 cujus
1491 1395 1630 1442 partes
1645 1390 1750 1430 datae
1764 1390 1878 1431 rectis

618 1456 742 1496 tribus
754 1458 951 1509 positione
969 1459 1074 1498 datis
1095 1457 1386 1512 interjacebant.

222 1554 507 1599 Describenda
545 1554 594 1595 sit
630 1556 872 1610 trajectoria,
923 1572 1016 1613 quae
1045 1557 1096 1598 sit
1128 1558 1270 1600 similis
1302 1567 1343 1599 et
1372 1558 1542 1614 aequalis
1590 1559 1711 1602 lineae
1739 1574 1878 1602 curvae

166 1627 211 1669 D
233 1626 271 1669 E
294 1626 340 1677 F,
363 1640 536 1682 quaeque
555 1639 581 1665 a
599 1625 720 1666 rectis
742 1626 870 1668 tribus
892 1628 933 1669 A
955 1627 1005 1679 B,
1035 1629 1076 1669 A
1091 1628 1140 1678 C,
1179 1628 1216 1669 B
1239 1628 1274 1669 C
1293 1628 1495 1683 positione
1515 1626 1634 1681 datis,
1666 1630 1711 1671 in
1741 1639 1878 1685 partes

167 1697 272 1756 datis
292 1694 414 1752 hujus
433 1693 617 1750 partibu's
637 1693 682 1736 D
697 1695 734 1736 E
754 1705 794 1737 et
816 1697 854 1738 E
877 1698 912 1739 F
939 1698 1089 1740 similes
1110 1707 1150 1740 et
1169 1698 1347 1754 aequales
1368 1698 1582 1740 secabitur.

222 2399 315 2454 Age
335 2405 464 2439 rectas
485 2399 529 2440 D
551 2398 601 2449 E,
626 2399 664 2439 E
687 2399 734 2449 F,
762 2399 805 2440 D
828 2398 876 2449 F,
908 2406 948 2440 et
979 2395 1173 2452 trianguli
1205 2395 1326 2449 hujus
1366 2395 1410 2436 D
1435 2395 1472 2435 E
1495 2395 1530 2436 F
1562 2409 1672 2449 pone
1706 2394 1878 2450 angulos

166 2467 223 2518 D,
242 2469 292 2520 E,
317 2469 352 2510 F
372 2469 424 2510 ad
444 2477 573 2519 rectas
593 2470 682 2510 illas
708 2470 911 2524 positione
944 2469 1058 2510 datas
1091 2471 1181 2523 (per
1202 2466 1318 2508 Lem.
1341 2466 1536 2518 XXVI.)
1573 2465 1615 2521 (¹)
1637 2465 1733 2506 dein
1772 2466 1880 2508 circa

166 2586 281 2622 ‚duaeG
299 2585 381 2622 c,A
399 2585 503 2616 Bsint
526 2584 678 2624 pamuelae
701 2591 731 2615 et
753 2591 889 2624 oporteat
908 2585 1001 2615 man-
1043 2583 1148 2614 muela
1166 2581 1881 2623 seoensGCinz,etABinb‚eu-omp1oe2

166 2627 276 2668 guium
305 2627 414 2658 datum
435 2628 475 2658 D»
499 2627 532 2657 E
557 2627 584 2657 F
610 2626 654 2657 it&
678 2627 777 2659 locare
805 2635 842 2659 ut
868 2627 1001 2668 angulus
1043 2635 1094 2658 tur
1106 2626 1207 2666 figum
1225 2626 1250 2656 C
1268 2626 1296 2656 B
1308 2625 1326 2655 f
1335 2624 1385 2655 de
1397 2625 1506 2664 similis
1527 2634 1559 2656 et
1572 2626 1697 2665 aequalis
1711 2626 1882 2666 figuraenb

158 2705 162 2708 ⁴
185 2670 233 2700 'us
248 2670 280 2701 D
295 2670 409 2700 lineam
421 2670 452 2700 A
470 2670 509 2704 B,
525 2669 659 2709 angulus
1042 2677 1062 2709 φ
1074 2669 1088 2699 ὃ
1104 2682 1124 2704 ε,
1138 2674 1223 2707 patet
1231 2667 1357 2697 factum.
1389 2667 1421 2697 Si
1434 2674 1516 2697 recta
1529 2668 1558 2698 E
1573 2669 1605 2698 D
1616 2667 1717 2698 minor
1731 2668 1770 2698 sit
1780 2668 1880 2707 paral-

210 2710 322 2742 lineam
340 2713 370 2743 G
387 2712 424 2748 C,
441 2717 471 2742 et
483 2712 619 2752 angulus
634 2711 659 2741 F
805 2695 844 2741 Ε
1042 2711 1175 2742 lelamm
1192 2711 1222 2740 G
1241 2710 1276 2745 C,
1296 2710 1327 2739 A
1346 2710 1374 2740 B
1390 2709 1541 2746 distantia,
1569 2710 1726 2749 problema
1738 2710 1877 2749 impossi-

165 2753 279 2784 lineam
305 2755 334 2785 B
359 2755 385 2785 C
409 2760 525 2794 tangat,
555 2759 659 2784 centro
1043 2754 1106 2785 bile
1127 2759 1194 2790 est;
1217 2752 1242 2782 si
1256 2752 1354 2792 major
1365 2751 1459 2782 fuen't
1483 2752 1616 2783 circulus
1630 2752 1716 2782 radio
1738 2765 1748 2783 ι
1772 2752 1797 2789 ὃ,
1824 2752 1878 2783 de-

166 2795 273 2836 quovis
287 2809 298 2826 ι
308 2796 341 2825 in
351 2795 433 2826 linesi
450 2796 479 2827 G
498 2796 533 2832 C,
557 2795 596 2826 ad
611 2806 659 2826 ar·
1046 2796 1184 2834 scriptus,
1207 2801 1322 2824 rectam
1339 2794 1369 2824 A
1383 2794 1412 2824 B
1429 2793 1460 2823 in
1480 2793 1600 2824 duobus
1619 2794 1742 2833 punctis
1755 2794 1876 2832 secabit,

168 2837 292 2868 vinium
315 2844 438 2877 sumpto
458 2843 490 2868 et
509 2837 594 2868 radio
609 2850 622 2869 ε
634 2837 658 2873 3,
1046 2844 1078 2869 et
1098 2838 1169 2868 duae
1183 2842 1274 2867 erunt
1287 2842 1377 2866 recto
1388 2848 1399 2866 ι
1410 2835 1426 2866 ἶ
1438 2836 1612 2875 positiones.
1799 2861 1802 2864 ,

169 2878 280 2918 aquali
295 2879 325 2909 E
338 2880 380 2916 D,
403 2880 589 2910 describatur
602 2880 662 2910 cir-
1090 2880 1129 2920 (¹)
1154 2881 1170 2898 ”
1196 2879 1229 2909 Si
1254 2878 1336 2908 enlm
1354 2877 1426 2907 data
1449 2877 1488 2907 sit
1501 2887 1594 2908 curva
1619 2878 1652 2908 D
1669 2877 1699 2908 Ε
1725 2877 1763 2915 F,
1783 2877 1878 2911 ffian.

169 2919 259 2952 culus
278 2926 368 2950 rectae
385 2921 416 2951 A
441 2922 480 2958 B,
503 2931 663 2952 occurrens
1047 2922 1123 2963 gulo
1137 2921 1208 2951 dam
1224 2921 1254 2951 E
1268 2920 1295 2950 F
1306 2920 1338 2950 D
1354 2919 1587 2959 circumscripta.
1617 2920 1740 2952 dabitur
1762 2921 1878 2952 diane-

169 2963 202 2994 in
217 2962 250 2999 ὃς
275 2972 366 3000 super
378 2963 441 2997 basi
457 2976 468 2994 ι
481 2963 496 2994 3
506 2970 663 2994 ooustrua-
1049 2972 1169 2994 trorum
1184 2969 1215 2993 et
1228 2963 1332 2993 axium
1346 2961 1485 3001 ejusdem
1508 2972 1610 2994 curve
1622 2962 1732 3002 positio
1757 2963 1798 2994 ad
1824 2964 1880 2994 tri-

172 3012 223 3036 tur
236 3004 426 3044 triangulum
445 3017 455 3034 ε
472 3005 664 3043 δφείωἰιεοτ
832 3030 847 3038 ,
1050 3005 1157 3046 anguli
1174 3005 1203 3035 Ε
1229 3005 1256 3035 F
1273 3005 1305 3034 D
1320 3004 1423 3040 latera,
1432 3005 1478 3034 'et
1495 3004 1568 3036 hinc
1588 3005 1748 3035 habebitur
1770 3005 1881 3045 positio

172 3046 288 3088 aequale
294 3046 450 3086 triangulo
460 3046 531 3076 dato
543 3047 572 3077 Ε
585 3048 615 3077 D
625 3046 661 3083 F,
684 3028 721 3074 Ε
935 3018 981 3067 D
1049 3048 1267 3078 diametrorum
1289 3052 1319 3076 et
1333 3045 1438 3076 axium
1456 3055 1558 3077 curvae
1580 3047 1688 3078 similis
1698 3053 1730 3078 et
1757 3046 1883 3089 aequalis

157 3096 203 3136 ‘et
227 3088 400 3129 exuangulo
422 3087 1005 3130 illiuspngaturoxrectaeBCpa-
1047 3086 1424 3130 circauiangfflumefd
1446 3087 1660 3120 decernanda.

227 3145 310 3175 Vox..
331 3143 359 3174 1.
998 3145 1043 3175 ‘N
1599 3159 1603 3162 -
