2086 3542
134 258 284 301 Linim
306 257 521 308 Panum]
608 251 927 307 PRINCIPIA
957 249 1447 295 MATHEMATIC'A.
1753 252 1828 294 137

96 370 97 373 ¹
131 381 150 415 t
163 389 204 424 r;
235 373 330 415 dein
349 370 538 413 ducenda
564 376 675 410 recta
695 368 717 409 I
739 369 775 409 F
794 381 886 422 quae
923 371 1066 421 tangat
1082 363 1189 406 duos

132 443 304 485 circulos
326 442 361 483 F
381 440 436 490 G,
463 438 522 495 fg
561 438 594 479 si
613 437 764 479 dantur
797 435 880 476 duo
898 440 1052 488 puncta
1074 432 1121 482 P,
1141 446 1185 488 p,

131 512 197 554 vel
215 515 393 553 transeat
406 522 481 562 per
495 506 580 548 duo
592 512 746 561 puncta
761 503 816 553 V,
832 518 872 554 v,
886 502 919 543 si
931 502 1080 543 dantur
1094 515 1186 556 quae

131 574 342 636 tangentes
363 576 404 618 T
420 577 472 626 R,
493 583 552 626 tr,
574 574 638 615 vel
657 578 802 629 tangat
819 570 1017 613 circulum
1033 569 1068 610 F
1089 569 1132 611 G
1146 576 1188 610 et

130 653 306 690 transeat
316 660 392 703 per
409 650 608 699 punctum
619 642 673 693 V,
695 656 726 682 Sl
747 640 867 683 datur
884 646 1083 695 punctum
1096 637 1132 678 P
1143 645 1185 680 et

129 724 301 772 tangens
322 715 364 756 T
385 715 438 756 R.
497 712 567 754 Ad
587 712 624 754 F
639 711 660 752 I
680 711 847 752 demitte
876 707 1187 766 perpendicula»

126 785 254 826 remS
270 783 305 834 I,
320 796 490 838 eamque
500 781 636 822 biseca
646 778 759 828 inK3
776 785 816 819 et
828 792 906 819 axe
921 778 949 819 S
965 777 1020 827 K,
1038 775 1189 817 vertice

125 851 343 908 principali
378 851 421 893 K
441 848 696 892 describatur
710 846 920 902 parabola„
978 845 1087 887 Dico
1105 844 1188 885 fac-

125 932 226 966 tum.
289 919 334 976 (h
351 920 365 972 )
397 919 508 964 Nam
524 916 732 973 parabola,
753 916 808 957 ob
826 913 1003 971 aequales
1023 914 1053 957 S
1084 913 1126 955 K
1147 920 1188 954 et

125 987 147 1028 I
171 988 226 1039 K,
250 989 280 1030 S
303 987 338 1029 P
353 996 393 1029 et
414 988 450 1029 F
471 986 518 1037 P,
540 984 729 1027 transibit
746 998 822 1041 per
835 990 1035 1040 punctum
1065 981 1126 1031 P;
1147 988 1188 1022 et

125 1062 218 1113 (per
237 1056 354 1099 Lem.
379 1056 502 1098 XIV.
519 1055 658 1102 Corol.
675 1056 734 1107 3.)
755 1057 810 1099 ob
830 1051 1008 1108 aequales
1027 1050 1058 1092 S
1082 1049 1124 1090 T
1141 1056 1184 1091 et

125 1126 167 1168 Τ
182 1128 223 1171 V
237 1137 278 1171 et
296 1127 493 1184 angulum
511 1133 668 1168 rectum
691 1125 720 1166 S
740 1123 781 1167 T
802 1122 856 1172 R,
865 1126 1006 1179 tanget
1024 1125 1177 1160 rectam

125 1196 242 1240 TR.
300 1198 356 1247 Q.
387 1196 482 1240 e.f.

451 1403 825 1447 PROPOSITIO
856 1402 960 1444 XX.
995 1401 1340 1444 PROBLEMA
1371 1400 1477 1444 XII.

126 1522 242 1563 Circa
261 1520 626 1562 datumumbilicum
645 1518 908 1573 trajectoriam
919 1516 1092 1571 quamvis
1110 1516 1236 1571 specie
1257 1515 1330 1573 (¹)
1351 1518 1484 1559 datam
1497 1517 1717 1570 describere,
1738 1533 1824 1574 quae

333 1605 408 1645 per
425 1592 523 1633 data
534 1594 686 1643 puncta
705 1588 890 1630 transibit
908 1594 945 1628 et
964 1592 1088 1628 rectas
1106 1593 1240 1642 tanget
1261 1588 1459 1642 positione
1477 1589 1605 1631 datas.

179 1701 270 1765 Cas.
304 1703 338 1742 1.
368 1699 485 1742 Dato
516 1698 709 1741 umbilico
731 1697 774 1749 S,
795 1696 1064 1740 describenda
1082 1698 1133 1739 sit
1150 1698 1382 1754 trajectoria
1404 1699 1442 1741 A
1463 1700 1502 1742 B
1523 1699 1560 1742 C
1578 1714 1655 1755 per
1671 1707 1825 1756 puncta

121 1771 205 1814 duo
226 1771 279 1823 B,
301 1771 351 1813 C.
392 1769 601 1820 Quoniam
619 1768 851 1826 trajectoria
870 1768 992 1810 datur
1012 1769 1158 1824 specie,
1175 1769 1339 1811 dabitur
1358 1770 1463 1811 ratio
1482 1770 1570 1812 axis
1589 1771 1824 1826 principalis

166 1912 201 1953 (¹³
209 1911 223 1952 )
247 1915 318 1943 291.
345 1913 433 1943 Nam
458 1912 607 1942 Par-abula
631 1911 664 1942 ob
691 1912 820 1951 aquales
831 1913 855 1942 S
866 1912 903 1942 K
924 1916 953 1942 et
992 1919 1060 1939 rem
1067 1908 1334 1941 demonstrationis
1353 1916 1480 1950 partem,
1496 1910 1604 1943 eadem
1613 1912 1731 1943 ratione
1750 1922 1823 1952 pro-

124 1956 149 1987 Ι
158 1956 197 1989 A,
214 1956 237 1985 S
256 1956 287 1985 P
299 1960 327 1985 et
342 1956 376 1985 F
388 1956 428 1990 P,
442 1954 578 1984 transibit
583 1964 639 1993 per
649 1959 802 1992 punctum
818 1955 850 1984 P
872 1952 954 1983 scili-
993 1951 1115 1984 babitur
1128 1953 1282 1993 angulum
1294 1953 1326 1984 V
1339 1963 1356 1983 r
1371 1954 1401 1985 T
1415 1954 1566 1995 aequalem
1580 1965 1644 1985 esse
1657 1954 1778 1995 angulo

124 2001 172 2026 cet
185 1995 334 2027 Pasabola
347 1995 539 2034 descriptaob
551 2006 596 2035 aeq
597 1997 680 2026 ucles
694 1997 718 2026 S
736 1997 803 2025 Ket
814 1996 948 2026 IKha.

124 2040 176 2069 bet
188 2047 244 2077 pro
257 2037 413 2068 directrice
427 2038 540 2068 lineam
556 2037 575 2067 1
578 2007 619 2067 qF
634 2038 703 2078 (per
718 2037 830 2067 Tlieor.
844 2037 893 2068 ΙΙ.
908 2037 948 2067 de

128 2081 237 2111 Parab.
256 2090 288 2109 ιι.
306 2083 378 2109 224.
396 2079 435 2110 de
458 2078 606 2118 Conicis),
624 2078 695 2109 ciim
710 2078 783 2109 vex-6
804 2079 947 2110 distantia

122 2122 229 2162 puncti
243 2121 376 2162 cujusvis
389 2121 546 2152 Parabolae
559 2131 578 2151 a
591 2120 758 2152 Directrice
768 2121 808 2152 sit
821 2121 947 2162 aequalis

122 2164 275 2195 distantiae
290 2164 356 2204 ejus
365 2163 473 2202 puncti
485 2173 504 2193 a
516 2163 596 2200 foco,
610 2163 676 2194 vice
683 2162 779 2200 versa,
795 2169 947 2203 punctum

121 2206 266 2247 quodaeq
266 2205 376 2236 naliter
399 2215 419 2235 a
445 2205 516 2235 foco
529 2210 561 2235 et
580 2215 599 2235 a
623 2185 794 2236 Direcuic'e
812 2205 943 2241 distabit,

121 2248 285 2289 pertinebit
308 2247 348 2278 ad
372 2246 564 2277 Parabolam.
607 2246 707 2287 Finge
734 2247 818 2278 enim
830 2248 946 2279 lineam

124 2290 153 2322 F
175 2290 204 2321 P
230 2288 392 2320 Directrici
413 2287 695 2328 perpendicularem
707 2298 864 2321 occurrere
877 2289 946 2330 qui-

122 2333 195 2363 dem
211 2331 416 2362 Parabolaein
435 2336 552 2370 puncto
577 2330 613 2366 P,
635 2330 729 2362 itaut
749 2331 832 2363 sitF
857 2332 946 2362 P=

125 2376 148 2406 S
164 2375 202 2411 P,
218 2373 270 2404 sed
284 2374 318 2403 in
338 2372 567 2412 eapossesumi
587 2372 674 2404 aliud
691 2379 844 2412 punctum
862 2373 948 2412 pita

123 2416 314 2448 utsitetiam
332 2416 444 2454 Sp=
462 2415 770 2453 Fp=Fl³ssP
790 2416 949 2455 p,eritob

128 2459 156 2490 F
171 2459 254 2489 P=
272 2459 293 2489 S
310 2458 347 2495 P,
366 2458 388 2488 S
401 2468 422 2496 p
436 2469 482 2486 =
499 2457 522 2487 S
538 2457 567 2487 P
580 2461 621 2495 ζ
635 2457 693 2495 Pp
704 2456 839 2488 sedcum
853 2458 875 2488 S
892 2458 952 2498 Pp
1000 2460 1053 2490 Tr
1065 2460 1095 2494 S,
1108 2460 1237 2499 ideoque
1247 2460 1329 2489 linea
1342 2458 1547 2491 Trbifariam
1557 2459 1665 2491 dividit
1675 2462 1826 2503 angulum

125 2501 164 2531 sit
177 2499 391 2541 Trinngulumv
402 2499 569 2533 absurdum
580 2505 625 2529 est
641 2500 710 2540 (per
721 2503 770 2530 20.
786 2503 814 2530 1.
829 2500 950 2540 Elem.)
997 2502 1028 2531 V
1042 2511 1058 2529 r
1075 2502 1105 2536 S,
1122 2503 1176 2529 sed
1196 2509 1232 2529 ea
1246 2504 1328 2529 linea
1350 2502 1508 2530 Parabofae
1531 2506 1677 2540 fungens
1690 2508 1736 2532 est
1749 2512 1818 2541 qua.

126 2553 191 2574 esse
208 2543 229 2573 S
243 2553 264 2581 p
277 2555 323 2571 =
341 2542 362 2572 S
379 2541 406 2572 P
423 2545 466 2580 ss
482 2541 510 2572 P
523 2552 544 2580 p
559 2551 633 2581 ergo
647 2541 814 2572 absurdum
828 2548 873 2572 est
892 2542 952 2572 fin·
995 2542 1135 2573 bifariam
1148 2541 1256 2571 dividit
1276 2541 1428 2581 angulum
1447 2551 1541 2581 quem
1561 2541 1679 2572 faciunt
1697 2543 1767 2573 duae
1781 2543 1818 2574 li-

127 2595 199 2625 gere
210 2584 296 2615 aliud
311 2584 470 2614 Punctum
484 2589 593 2632 praeter
605 2583 642 2614 id.
652 2583 736 2624 quod
756 2583 796 2614 ad
817 2584 952 2614 Parabo-
997 2593 1063 2615 neae
1077 2585 1179 2615 ductae
1193 2594 1212 2613 a
1224 2589 1341 2622 puncto
1355 2583 1461 2623 quovis
1475 2583 1634 2614 Parabolae
1647 2595 1708 2614 una
1718 2585 1759 2615 ad
1771 2585 1819 2615 fo-

127 2626 191 2658 lam
201 2626 332 2666 pertinet
344 2625 405 2656 tale
418 2630 455 2655 ut
468 2626 535 2666 ejus
548 2625 691 2656 distantia
712 2637 732 2656 a
744 2626 900 2657 direcnice
913 2626 954 2657 sit
996 2636 1070 2657 cum
1084 2626 1179 2657 altera
1191 2625 1480 2666 perpendiculagiter
1493 2625 1533 2656 ad
1546 2625 1734 2656 directricem
1751 2629 1818 2665 (pei

130 2668 254 2708 aqualis
268 2668 335 2705 ejus
345 2667 495 2698 dissaniiae
508 2677 527 2697 a
540 2666 619 2704 foco,
635 2677 708 2708 ergo
718 2669 760 2699 ob
778 2670 908 2709 aequales
993 2667 1106 2696 'theon
1127 2666 1201 2696 111.
1226 2666 1266 2696 de
1293 2667 1445 2696 Parabola
1470 2676 1505 2695 n.
1527 2666 1616 2706 224.)
1643 2675 1718 2706 ergo
1738 2667 1819 2699 linea

127 2711 222 2742 sPet
239 2707 320 2744 FP,
333 2709 482 2740 parabola
500 2709 591 2750 cujus
613 2709 754 2740 directi-ix
778 2717 823 2741 eat
839 2711 857 2741 1
880 2711 907 2741 F
922 2716 954 2742 et
993 2710 1023 2742 T
1039 2709 1071 2740 R
1085 2707 1184 2747 tangit
1202 2707 1380 2739 parabolam
1396 2707 1577 2742 descriptam
1591 2708 1654 2739 sive
1668 2710 1818 2742 Parabola

124 2751 298 2785 umbilicus
315 2752 337 2782 S
350 2753 490 2783 transibit
499 2762 557 2791 [ier
565 2758 719 2791 pummm
731 2755 770 2784 P.
994 2757 1136 2794 descripta
1147 2760 1247 2793 tanget
1263 2755 1390 2784 Rectam
1407 2755 1436 2784 T
1449 2755 1495 2784 R.

225 2797 357 2826 &Casus
377 2793 527 2824 Parabola
538 2793 687 2832 descripta
695 2796 728 2825 ob
739 2796 867 2835 oequales
881 2777 905 2827 S
916 2797 955 2831 Τ,
1039 2798 1052 2836 (
1064 2796 1096 2835 ἰ)
1119 2799 1190 2827 292.
1219 2795 1372 2825 Sectiones
1386 2795 1501 2826 conicae
1510 2802 1582 2825 sunt
1596 2794 1735 2835 ejusdem
1748 2805 1816 2835 spe-

139 2838 170 2867 Τ
175 2797 221 2871 27,
236 2838 270 2867 ob
283 2838 432 2876 angulum
448 2838 578 2868 Rectum
594 2838 616 2866 S
635 2838 663 2867 'l'
676 2839 707 2868 R
728 2843 829 2876 tanget
842 2844 956 2869 recuzm
998 2838 1064 2875 ciei,
1087 2848 1142 2868 seu
1164 2837 1287 2874 similes,
1314 2847 1444 2877 quarum
1463 2847 1535 2867 axes
1557 2836 1631 2874 duo,
1657 2837 1707 2868 vel
1734 2837 1819 2878 quod

139 2880 169 2912 Τ
182 2880 223 2915 R,
238 2878 305 2919 ejus
318 2877 401 2908 enim
413 2877 571 2916 Parabolae
585 2877 743 2917 descriptae
757 2878 897 2910 ditecttix
913 2885 960 2910 est.
997 2880 1081 2910 idem
1103 2886 1157 2916 est,
1173 2880 1237 2910 axis
1250 2879 1348 2919 major
1372 2885 1403 2909 et
1423 2879 1563 2909 focorum
1585 2876 1728 2910 distantia
1745 2885 1820 2911 sunt

135 2920 169 2950 V
179 2919 207 2950 1.
253 2919 326 2950 Jam
335 2918 413 2950 vero
418 2919 549 2951 ducatur
559 2930 598 2951 ex
613 2920 645 2950 V
654 2921 934 2959 perpendiculmis·
924 2932 960 2952 m
997 2922 1078 2953 inter
1091 2932 1123 2952 se
1147 2923 1182 2952 in
1195 2921 1266 2952 data
1289 2920 1426 2959 ratione;
1451 2922 1503 2951 Ex
1521 2920 1580 2951 hac
1600 2921 1684 2952 enim
1702 2922 1821 2953 ratione

135 2961 326 2993 directi-leem
338 2971 407 3000 quae
430 2967 521 2993 rectae
536 2954 566 2993 T
582 2962 614 2992 R
638 2968 776 2993 occurrat
788 2963 822 2993 in
836 2973 852 2993 r
876 2969 907 2993 et
920 2965 958 2994 ab
999 2963 1092 2994 unice
1105 2964 1238 3013 pendent
1255 2963 1389 3002 partium
1402 2963 1542 2994 sectionis
1561 2963 1639 2994 ratio
1652 2974 1688 2994 ac
1700 2974 1820 3003 respec-

136 3014 153 3034 ι·
167 3003 297 3034 ᾱιιωειιι·
309 2971 359 3032 mil
358 3003 463 3033 focum
477 3003 557 3034 linea
570 3014 586 3033 r
598 3004 630 3040 S,
646 3006 686 3034 ob
708 3005 840 3044 aequales
853 3006 875 3036 S
885 3006 929 3044 T,
943 3004 974 3036 T
1000 3006 1063 3036 tiva
1075 3006 1194 3045 positio,
1210 3011 1300 3045 atque
1314 3005 1386 3035 hinc
1399 3005 1436 3036 fit
1449 3011 1486 3036 ut
1497 3006 1647 3045 parabolae
1659 3016 1766 3037 omnes
1779 3007 1820 3037 si-

136 3046 170 3077 V
183 3051 215 3075 et
228 3044 380 3085 angulum
392 3050 510 3075 rectum
526 3046 549 3076 S
564 3046 593 3076 Τ
610 3047 642 3076 R
655 3046 712 3076 erit
727 3047 759 3077 V
772 3057 788 3077 r
801 3060 847 3077 =
861 3058 877 3077 r
894 3049 915 3079 S
929 3054 960 3079 et
1000 3048 1089 3078 miles
1099 3049 1160 3078 sint
1172 3047 1274 3096 quod:
1265 3058 1298 3077 in
1311 3047 1454 3078 omnibus
1463 3047 1603 3081 focorum
1616 3048 1782 3081 distantia·
1771 3059 1819 3080 m-

136 3093 288 3128 punctum
301 3096 317 3117 i·
331 3085 372 3117 ad
384 3086 562 3118 Parabolam
576 3088 739 3127 pertinebit
750 3099 805 3129 pei·
824 3090 959 3129 superio-
1002 3090 1086 3121 finita
1099 3090 1206 3132 majori
1220 3090 1270 3121 axi
1284 3089 1408 3132 aequans
1421 3089 1470 3123 sit·
