2086 3542
170 269 319 312 Lam
340 269 554 320 Pmmma]
613 255 960 310 ‘PRINCIPIA
1003 266 1493 310 MATHEMATICA.
1798 275 1882 312 203

170 394 281 437 unte,
322 385 512 427 velocitas
530 383 673 438 puncti
696 382 743 423 H
762 389 826 423 est
844 382 898 423 ad
916 381 1172 424 velocitatem
1191 396 1315 438 quam
1334 396 1482 436 corpus
1507 382 1652 424 habuit
1670 384 1713 424 in
1733 385 1882 428 vertice

170 458 212 499 A
231 464 278 498 ut
297 461 321 496 3
342 455 396 496 ad
436 461 460 496 8
475 469 488 503 ;
517 453 691 508 ideoque
709 452 754 492 in
771 452 819 494 efi
836 453 958 493 etiam
977 453 1135 493 ratione
1154 459 1216 492 est
1233 452 1342 493 linea
1362 452 1405 493 G
1421 452 1472 493 H
1491 452 1545 493 ad
1557 452 1708 494 lineam
1727 464 1882 497 rectam

170 541 294 583 quam
313 539 460 579 corpus
479 532 665 578 tempore
679 531 814 564 motus
834 523 898 563 sui
912 522 965 563 ab
978 523 1020 564 A
1039 522 1093 564 ad
1110 523 1158 574 P,
1190 521 1238 564 efi
1259 537 1353 563 cum
1367 522 1582 564 velocitate
1596 537 1720 578 quam
1739 524 1882 567 habuit

176 597 222 638 in
241 595 392 637 vertice
412 595 467 644 A,
498 594 730 635 describere
749 600 899 647 posset.
1564 636 1568 642 ⁶

230 667 356 708 Corol.
399 672 438 707 3.
471 664 588 706 Hinc
607 664 731 706 etiam
749 664 837 705 vice
856 663 973 705 versfi
993 664 1166 705 inveniri
1184 671 1321 719 potest
1338 672 1501 719 tempus
1521 678 1604 719 quo
1625 678 1773 719 corpus
1788 664 1880 706 des-

171 735 313 790 cripsit
341 750 483 776 arcum
503 735 685 797 quemvis
706 735 958 791 a'ssignatum
978 735 1091 794 A1P.
1150 735 1288 791 Junge
1310 735 1350 776 A
1374 722 1410 776 P
1430 743 1472 776 et
1505 735 1560 776 ad
1578 734 1760 776 medium
1794 736 1879 790 ejus

171 815 372 861 punctum
392 806 503 863 erige
522 805 862 860 perpendiculum
882 813 1006 846 rectae
1027 805 1070 846 G
1092 804 1138 845 H
1160 820 1377 846 occurrens
1392 805 1436 846 in
1457 805 1518 846 H.

790 898 1274 962 LEM'MA·XXV111.

172 1007 298 1048 Nulla
327 1011 434 1047 eaetat
450 1006 593 1060 figura
626 1005 748 1045 ovalis
766 1004 870 1058 cujus
889 1019 1000 1053 area,
1031 1009 1145 1045 rectis
1166 1019 1246 1058 pro
1284 1006 1410 1047 lubitu
1438 1007 1622 1058 abscissa,
1650 1008 1774 1060 possit
1798 1021 1876 1060 per

228 1078 462 1131 ‹equationes
482 1090 636 1116 numero
654 1076 898 1115 terminorum
915 1089 962 1115 ac
977 1076 1250 1117 dimensionum
1254 1078 1404 1129 finitas
1419 1079 1659 1132 generaliter
1674 1079 1857 1119 inveniri.

230 1151 277 1206 (⁰)
310 1150 426 1191 Intra
445 1149 603 1190 ovalem
622 1148 743 1188 detur
771 1156 970 1202 punctum
990 1147 1176 1202 quodvis,
1209 1149 1318 1189 circa
1337 1149 1448 1205 quod
1478 1164 1552 1190 ceu
1581 1149 1724 1204 polum
1743 1149 1877 1190 revol-

171 1228 289 1263 vatur
321 1227 522 1275 perpetuo
554 1219 663 1260 linea
695 1226 819 1268 recta,
851 1218 1044 1258 uniformi
1064 1233 1159 1259 cum
1191 1228 1321 1269 motu,
1353 1227 1394 1260 et
1422 1220 1578 1261 interea
1607 1220 1650 1260 in
1679 1229 1792 1261 reeta
1805 1219 1876 1260 illa

171 1299 290 1334 exeat
317 1298 518 1346 punctum
536 1290 687 1331 mobile
707 1290 759 1331 de
773 1289 884 1344 polo,
915 1298 1141 1346 pergatque
1162 1305 1324 1345 semper
1343 1290 1390 1331 efi
1412 1305 1507 1331 cum
1525 1290 1750 1341 velocitate,
1782 1305 1876 1346 quae

172 1365 226 1405 sit
243 1369 290 1404 ut
322 1370 444 1403 rectae
460 1353 584 1402 'illius
604 1361 712 1402 intra
750 1360 910 1401 ovalem
949 1360 1206 1415 quadratum.
1268 1360 1367 1401 Hoc
1386 1369 1502 1402 motu
1534 1369 1735 1415 punctum
1772 1359 1877 1401 illud

171 1433 373 1475 describet
393 1431 584 1486 spiralem
598 1431 709 1488 gyris
738 1431 920 1474 infinitis.
981 1431 1075 1472 Jam
1095 1432 1129 1471 si
1148 1445 1256 1472 areae
1275 1431 1402 1473 ovalis
1422 1447 1447 1472 a
1466 1431 1576 1472 rect&
1596 1430 1665 1472 illa
1687 1431 1874 1471 abscissae

170 1504 306 1560 portio
324 1517 400 1558 per
418 1502 578 1543 finitam
597 1501 870 1557 aequationem
889 1501 1062 1542 inveniri
1081 1510 1227 1556 potest,
1259 1502 1487 1543 invenietur
1517 1501 1639 1542 etiam
1667 1516 1743 1556 per
1777 1515 1874 1542 ean-

171 1576 267 1617 dem
286 1573 559 1630 aequationem
578 1572 769 1613 distantia
782 1572 925 1627 puncti
943 1588 969 1613 a
996 1573 1107 1627 polo,
1141 1572 1192 1628 (‘¹)
1223 1588 1315 1629 quae
1334 1571 1430 1613 huic
1450 1587 1557 1613 ateae
1585 1571 1872 1627 proportiona-

172 1679 277 1713 aetque
290 1669 419 1711 proinde
428 1675 531 1700 motus
546 1669 629 1699 illius
640 1669 798 1710 aequabilis
812 1677 843 1700 et
857 1669 999 1700 velocitas
1040 1669 1125 1701 ribus
1140 1669 1296 1706 describat,
1313 1675 1344 1700 et
1354 1669 1470 1700 inter-ein
1490 1669 1524 1699 in
1537 1669 1619 1700 rectfi
1630 1668 1684 1699 illa
1697 1669 1725 1699 P
1736 1669 1768 1705 S,
1784 1675 1873 1699 exeat

170 1716 285 1755 ubique
300 1714 417 1744 eadem·
465 1711 570 1748 Quare
590 1712 733 1742 velocitas
761 1712 869 1750 puncti
894 1712 937 1746 H.
955 1718 999 1742 est
1041 1718 1192 1751 punctum
1208 1712 1321 1742 mobile
1334 1723 1356 1750 p
1370 1712 1409 1742 de
1423 1713 1496 1751 polo
1513 1713 1548 1748 P,
1571 1718 1739 1751 pergatque
1752 1721 1873 1750 semper

169 1756 336 1798 ubiquead
359 1754 551 1785 velocitatem
565 1764 659 1794 quam
683 1754 775 1784 habet
797 1764 907 1793 corpus
924 1754 998 1784 Pin
1040 1755 1074 1784 in
1090 1754 1196 1784 effidem
1225 1755 1308 1784 recta
1327 1754 1354 1784 P
1375 1765 1390 1784 s
1410 1764 1482 1784 cum
1506 1754 1665 1784 velocitate
1687 1763 1757 1793 quae
1777 1753 1817 1783 sit
1835 1759 1873 1783 ut

156 1800 215 1837 >A,
237 1805 275 1830 ut
298 1807 426 1829 naecens
443 1797 474 1827 G
502 1797 548 1834 H,
570 1796 611 1827 ad
632 1802 807 1826 nascenssem
825 1797 855 1827 A
887 1796 924 1833 P,
941 1797 999 1826 hoc
1041 1803 1131 1826 rectae
1160 1797 1245 1826 illius
1271 1795 1352 1833 intr&
1366 1796 1485 1827 ovalem
1514 1796 1708 1836 quadratum,
1731 1796 1790 1825 hoc
1815 1801 1869 1832 est,

168 1841 424 1878 &muts-ad&
473 1839 603 1875 Qad.
1040 1836 1871 1877 cumlineaPspervenitadsitumPeetpunc-

213 1883 258 1926 (ε)
280 1887 352 1914 559.
380 1881 467 1913 Intra
481 1881 600 1911 evalem
613 1882 642 1911 A
660 1881 687 1911 C
705 1881 734 1911 B
748 1881 777 1911 A
795 1880 885 1911 detur
900 1891 997 1919 punc·
1039 1887 1109 1910 tum
1138 1880 1251 1910 mobile
1264 1891 1286 1919 p
1308 1881 1348 1911 ad
1366 1881 1402 1915 P,
1426 1881 1570 1911 velocitas
1590 1880 1699 1919 puncti
1712 1889 1734 1917 p
1767 1879 1807 1909 sit
1834 1885 1872 1910 ut

168 1932 237 1958 tum
247 1924 376 1966 quodvis
388 1925 426 1961 P,
448 1922 528 1954 circii
535 1923 619 1964 quod
634 1933 691 1954 ceu
706 1923 812 1962 polum
827 1923 998 1953 revolvatur
1038 1923 1222 1963 quadratum
1237 1929 1328 1953 rectae
1346 1923 1374 1953 P
1391 1923 1425 1958 Q
1437 1923 1517 1954 inter
1539 1923 1647 1962 polum
1664 1922 1692 1952 P
1707 1927 1737 1951 et
1750 1921 1871 1951 evalem

168 1974 317 2009 perpetuo
336 1967 419 1997 linea
431 1972 514 1997 recta
526 1965 647 1995 infinita
664 1965 692 1995 P
709 1966 742 2002 S,
764 1965 911 1995 uniformi
925 1975 999 1996 cum
1028 1977 1030 1980 ·
1043 1968 1074 1996 A
1093 1966 1127 2001 Q
1142 1966 1168 1996 C
1187 1966 1215 1996 B
1231 1970 1393 1998 contentae‚
1408 1966 1467 1995 hoc
1480 1971 1568 1996 motu
1582 1970 1733 2004 punctum
1745 1963 1822 1994 illud
1836 1974 1867 2003 p,

168 2016 266 2045 motu,
287 2009 332 2040 ita
345 2015 381 2040 ut
393 2014 546 2048 punctum
560 2007 668 2037 datum
685 2008 714 2037 A
731 2007 815 2037 illius
835 2007 925 2037 linoae
940 2007 999 2038 cir-
1041 2008 1189 2039 describet
1203 2007 1347 2047 spiralem
1363 2007 1392 2038 P
1401 2018 1423 2046 p
1437 2018 1460 2037 n
1475 2008 1511 2045 Z,
1533 2009 1616 2048 gyris
1629 2005 1764 2036 infinitis.

167 2052 231 2084 culi
248 2054 278 2082 A
292 2062 312 2083 a
325 2062 358 2082 m
373 2050 409 2082 X
428 2060 517 2082 arcus
537 2049 669 2091 aequaloe
683 2049 853 2090 aequalibus
872 2055 991 2090 tempo-

211 3036 253 3077 (α)
276 3041 348 3069 560.
370 3039 434 3070 His
446 3017 608 3080 suppositis
621 3042 679 3072 en't
700 3051 820 3081 semper
831 3046 915 3071 recta
931 3040 959 3070 P
972 3051 994 3079 p
1036 3049 1056 3068 a
1070 3048 1111 3073 m,
1135 3043 1166 3067 et
1193 3035 1293 3066 ductis
1314 3034 1407 3065 radiis
1422 3035 1452 3066 P
1468 3036 1510 3072 Q,
1529 3035 1558 3067 P
1571 3046 1591 3076 q
1615 3036 1726 3077 spirali,
1748 3037 1863 3069 circulo

166 3081 328 3110 utareaP
345 3081 376 3111 A
394 3082 491 3119 QP;
513 3093 587 3112 nam
610 3083 826 3114 circulusAa
847 3081 994 3112 dei-
1037 3076 1406 3110 etovalioccunentibus
1426 3078 1460 3108 in
1486 3084 1555 3117 pet
1581 3089 1613 3115 n,
1635 3086 1754 3117 neem,
1772 3081 1806 3116 Q
1832 3086 1863 3110 et

168 3120 250 3151 visus
264 3122 452 3164 intelligatur
465 3124 498 3155 in
512 3135 601 3155 arcus
613 3125 792 3156 innumeros
813 3124 945 3167 aequalos
958 3129 994 3154 ut
1037 3131 1068 3162 q,
1091 3120 1392 3167 demisso—capiantur
1402 3130 1441 3151 ex
1454 3120 1575 3160 punctis
1592 3122 1625 3158 Q
1637 3127 1668 3153 et
1680 3133 1711 3162 Ρ,
1733 3122 1772 3154 ad
1789 3123 1818 3154 P
1831 3133 1861 3162 qv
