2086 3542
237 259 289 295 ιο
650 249 1098 298 PHILOSOPHIAE
1135 216 1496 311 NATURALiS
1696 249 1931 300 [Dm-mm

223 427 225 432 .
281 375 323 431 (¹)
355 375 537 430 Tempus
558 374 805 416 Absolutum
825 389 850 414 a
869 373 1037 414 relativo
1057 372 1318 429 distinguitur
1336 372 1379 412 in
1400 370 1662 413 Astronomia
1682 386 1757 427 per
1776 371 1939 426 AEqua-

224 446 378 487 tionem
395 446 590 501 temporis
619 445 744 502 vulgi.
816 443 1044 500 Inaequales
1075 443 1185 484 enim
1217 450 1311 483 sunt
1327 442 1427 484 ‘dies
1456 442 1674 493 naturales,
1710 442 1781 498 qui
1811 441 1937 498 vulgo

225 525 419 572 tanquam
439 517 614 573 aequales
643 531 721 572 pro
741 529 931 556 mensura
961 514 1155 568 temporis
1185 513 1401 554 habentur.
1463 513 1589 554 Hanc
1619 512 1936 568 inaequalitatem

226 589 437 645 corrigunt
457 587 710 637 Astronomi,
743 592 790 626 ut
821 599 873 626 ex
892 584 1050 625 veriore
1080 591 1265 638 tempore
1298 591 1536 624 mensurent
1567 590 1703 624 motus
1739 582 1938 624 coelestes.

227 658 425 700 Possibile
445 666 515 709 est,
538 666 584 699 ut
595 657 730 699 nullus
743 656 794 697 sit
807 662 941 696 motus
953 654 1163 710 aequabilis
1175 668 1258 709 quo
1271 654 1456 708 Tempus
1470 652 1657 695 accurate
1669 659 1938 694 mensuretur.

228 729 462 771 Accelerari
482 736 523 770 et
541 727 739 770 retardari
757 733 928 782 possunt
952 733 1087 766 motus
1107 739 1262 774 omneS,
1295 724 1366 765 sed
1384 725 1520 768 fluxus
1539 724 1734 779 temporis
1765 722 1942 765 absoluti

228 800 379 842 mutari
397 799 550 855 nequit.
611 798 770 840 Eadem
801 804 862 838 est
895 795 1057 837 duratio
1078 810 1148 836 seu
1178 794 1481 849 perseverantia
1518 795 1745 836 existentiae
1776 808 1938 843 rerum3

228 871 311 913 sive
330 878 465 912 motus
486 870 568 912 sint
583 869 744 919 celeres,
768 868 849 908 sive
869 867 988 917 tardi,
1022 866 1104 907 sive
1122 865 1248 906 nulli:
1278 865 1453 920 proinde
1483 864 1574 906 haec
1597 881 1622 906 a
1641 865 1840 907 mensuris
1859 864 1942 905 suis

227 942 482 984 sensibilibus
513 939 659 982 merito
690 938 964 995 distinguitur,
999 945 1040 978 et
1059 951 1111 977 ex
1131 936 1278 977 iisdem
1298 936 1505 992 colligitur
1537 950 1613 990 per
1645 935 1942 991 AEquationem

231 1012 573 1054 Astronomicam.
635 1011 774 1065 Hujus
800 1016 936 1050 autem
963 1007 1202 1063 aequationis
1233 1006 1277 1047 in
1296 1005 1615 1047 determinandis
1651 1005 1942 1048 Phaenomenis

227 1083 454 1133 necessitas,
488 1089 577 1122 tum
609 1095 684 1135 per
704 1079 1032 1135 experimentum
1053 1077 1276 1134 Horologii
1312 1076 1572 1127 Oscillatorii‚
1609 1083 1697 1118 tum
1729 1076 1851 1118 etiam
1869 1089 1946 1131 pet
1975 1086 1977 1088 ’

229 1154 396 1208 eclipses
419 1151 647 1194 Satellitum
666 1150 780 1192 Jovis
800 1149 1008 1191 evincitur.

288 1224 351 1266 Ut
369 1222 473 1263 ordo
491 1221 672 1276 partium
693 1220 912 1275 Temporis
932 1226 992 1261 est
1010 1219 1285 1270 immutabilis,
1308 1219 1365 1260 sic
1385 1220 1510 1260 etiam
1522 1219 1626 1261 ordo
1644 1219 1825 1274 partium
1840 1220 1945 1274 Spa-

228 1293 288 1335 tii.
348 1292 599 1335 Moveantur
617 1290 708 1332 haec
728 1290 781 1332 de
810 1290 910 1331 locis
930 1289 1023 1340 suis,
1046 1297 1087 1330 et
1105 1290 1378 1331 movebuntur
1399 1293 1462 1345 (ut
1480 1290 1537 1331 ita
1557 1290 1707 1342 dicam)
1721 1290 1774 1331 de
1794 1289 1946 1346 seipsis.

232 1364 344 1406 Nam
364 1370 549 1418 tempora
569 1369 610 1405 et
629 1361 758 1416 spatia
777 1368 871 1401 sunt
891 1360 952 1401 sui
971 1360 1154 1415 ipsorum
1174 1367 1214 1401 et
1233 1374 1372 1401 rerum
1383 1361 1569 1401 omnium
1581 1361 1696 1416 quasi
1709 1361 1836 1402 Loca.
1895 1360 1948 1402 In

233 1435 449 1489 Tempore
461 1432 599 1489 quoad
618 1432 805 1473 ordinem
818 1431 1099 1480 successionis3
1121 1431 1164 1471 in
1182 1431 1325 1485 Spatio
1337 1430 1474 1487 quoad
1493 1431 1681 1472 ordinem
1696 1431 1794 1472 situs
1808 1431 1948 1472 locan-
1975 1470 1978 1472 .

233 1511 302 1547 tur
320 1504 521 1547 universa.
594 1503 664 1546 De
683 1503 849 1544 illorum
869 1502 1043 1544 essentia
1062 1509 1122 1542 est
1141 1509 1187 1542 ut
1206 1502 1287 1542 sint
1307 1502 1444 1543 Loca:
1476 1509 1517 1543 et
1535 1502 1627 1543 loca
1643 1502 1842 1557 primaria
1859 1515 1950 1543 mo-

232 1575 319 1617 veri
338 1574 561 1616 absurdum
581 1582 651 1615 est.
713 1573 822 1615 Haec
842 1580 937 1613 sunt
969 1572 1094 1629 igitur
1113 1572 1299 1613 absoluta
1319 1572 1456 1623 Loca3
1489 1579 1531 1614 et
1549 1572 1648 1614 solae
1667 1573 1950 1615 translationes

233 1646 287 1688 de
305 1645 369 1688 his
388 1645 489 1686 locis
509 1652 603 1687 sunt
622 1644 797 1686 absoluti
820 1643 975 1686 Motus.

292 1716 451 1758 Verum
466 1715 661 1772 quoniam
679 1714 746 1757 hae
769 1715 899 1769 Spatii
916 1722 1054 1770 partes
1071 1714 1202 1756 videri
1215 1722 1435 1771 nequeunt,
1453 1722 1494 1757 et
1512 1715 1565 1757 ab
1580 1715 1752 1757 invicem
1764 1730 1840 1771 per
1859 1730 1951 1758 sen-

234 1802 302 1829 sus
320 1794 481 1829 nostros
501 1786 720 1843 distingui3
751 1800 893 1827 earum
911 1786 999 1829 vice
1018 1786 1259 1827 adhibemus
1277 1801 1488 1828 mensuras
1509 1786 1726 1828 sensibiles.
1787 1787 1856 1829 Ex
1874 1801 1952 1842 po-

235 1858 448 1899 sitionibus
468 1857 578 1898 enim
598 1864 639 1898 et
658 1857 857 1898 distantiis
876 1871 1016 1898 rerum
1035 1855 1060 1897 a
1080 1871 1254 1912 corpore
1272 1857 1422 1913 aliquo,
1445 1857 1557 1913 quod
1571 1865 1798 1912 spectamus
1810 1865 1857 1899 ut
1875 1858 1952 1899 im-

235 1927 400 1979 mobile,
429 1928 646 1970 definimus
666 1927 756 1969 loca
776 1928 984 1969 universa:
1023 1927 1172 1969 deinde
1192 1928 1314 1969 etiam
1334 1936 1375 1969 et
1393 1943 1534 1969 omnes
1553 1936 1688 1969 motus
1707 1929 1954 1970 aestimamus

237 2015 333 2042 cum
370 2006 556 2054 respectu
591 1998 645 2040 ad
675 1998 873 2053 praedicta
903 1999 1006 2050 loca,
1053 2006 1257 2055 quatenus(
1283 2013 1457 2054 corpora
1487 1999 1539 2040 ab
1570 1999 1714 2041 iisdem
1744 1999 1955 2041 transferri

238 2070 501 2126 concipimus.
563 2069 632 2112 Sic
650 2069 738 2111 vice
763 2069 949 2111 locorum
981 2076 1022 2111 et
1051 2077 1240 2111 motuum
1270 2070 1549 2112 absolutorum
1580 2070 1755 2112 relativis
1785 2071 1952 2122 utimur,

236 2156 314 2183 nec
333 2139 592 2181 incommode
623 2140 667 2180 in
686 2140 808 2182 rebus
827 2139 1039 2182 humanis:
1072 2141 1116 2181 in
1143 2139 1441 2196 Philosophicis
1476 2148 1613 2182 autem
1633 2141 1953 2186 abstrahendum
1974 2173 1976 2176 >

238 2220 298 2255 est
323 2228 348 2254 a
367 2197 562 2253 sensibus.
623 2211 734 2253 Fieri
765 2211 915 2252 etenim
945 2219 1092 2266 potest,
1113 2219 1160 2253 ut
1178 2211 1338 2252 nullum
1357 2226 1499 2253 revera
1519 2212 1698 2268 quiescat
1717 2202 1878 2267 corpuS,
1900 2211 1952 2254 ad

239 2282 352 2340 quod
371 2283 462 2324 loca
481 2289 697 2338 motusque
717 2281 958 2324 referantur.

296 2353 619 2410 Distinguuntur
639 2359 776 2394 autem
804 2352 932 2401 Quies
953 2359 993 2394 et
1014 2353 1158 2395 Motus
1178 2352 1353 2394 absoluti
1382 2360 1424 2394 et
1442 2352 1598 2394 relativi
1616 2352 1668 2394 ab
1687 2352 1861 2394 invicem
1880 2366 1955 2408 per

243 2425 520 2480 Proprietates
550 2439 640 2465 suas
660 2431 701 2465 et
723 2424 876 2466 Causas
896 2432 937 2465 et
957 2424 1150 2465 Effectus.
1211 2424 1372 2473 Quietis
1390 2423 1617 2478 proprietas
1637 2430 1708 2474 est,
1731 2422 1843 2479 quod
1863 2438 1956 2465 cor-

240 2510 344 2550 pora
379 2494 471 2536 vere
503 2494 750 2551 quiescentia
776 2494 989 2550 quiescunt
1022 2495 1128 2535 inter
1154 2509 1208 2535 se.
1268 2493 1451 2549 Ideoque
1477 2508 1571 2534 cum
1597 2494 1788 2548 possibile
1815 2494 1878 2546 sit,
1907 2501 1955 2536 ut

242 2581 389 2620 corpus
410 2555 577 2621 aliquod
596 2565 640 2605 in
659 2565 894 2622 regionibus
916 2566 1127 2614 Fixarum‚
1150 2570 1221 2605 aut
1238 2563 1362 2620 longe
1393 2563 1512 2614 ultra,
1547 2564 1727 2619 quiescat
1746 2564 1929 2610 absolute
1940 2581 1953 2615 3

243 2637 335 2677 sciri
355 2643 492 2677 autem
512 2650 595 2676 non
615 2635 754 2689 possit-
762 2650 814 2676 ex
835 2635 916 2676 situ
935 2649 1154 2689 corporum
1175 2633 1228 2675 ad
1248 2634 1422 2675 invicem
1456 2635 1499 2674 in
1533 2635 1769 2692 regionibus
1788 2636 1950 2687 nostris,

243 2706 444 2747 horumne
464 2705 634 2762 aliquod
667 2705 721 2746 ad
754 2705 1025 2761 longinquum
1057 2705 1171 2745 illum
1193 2704 1331 2745 datam
1364 2705 1610 2760 positionem
1645 2715 1776 2750 servet
1808 2721 1952 2757 necne,

245 2777 358 2833 quies
381 2791 473 2817 vera
493 2792 545 2818 ex
564 2776 714 2817 horum
734 2775 812 2816 situ
831 2775 938 2816 inter
958 2790 999 2816 se
1019 2775 1182 2817 definiri
1201 2775 1356 2831 nequit.

244 2905 332 2930 motu
347 2904 496 2939 tanquam
519 2899 660 2931 accurata
681 2899 850 2931 durationis
867 2899 1013 2930 mensura
1034 2899 1081 2931 uti
1124 2910 1150 2931 e.
1163 2905 1286 2938 tempus
1296 2909 1350 2938 per
1358 2898 1430 2929 solis
1438 2898 1661 2929 revolutionem
1669 2899 1897 2940 mensuratum)
1908 2899 1956 2930 in-

245 2951 412 2982 possemus.
475 2942 594 2972 Verum
608 2953 770 2981 corporum
794 2942 962 2973 coelestium
976 2949 1008 2973 et
1025 2943 1081 2972 ho-
1123 2942 1268 2979 tercedit}
1299 2953 1368 2982 quae
1390 2940 1517 2980 proinde
1539 2942 1670 2980 tempori
1692 2942 1819 2972 relativo
1836 2942 1955 2983 juncta,

245 2983 435 3024 rologiorum
449 2989 560 3018 motus,
586 2995 662 3024 quos
682 2985 720 3015 ad
735 2984 881 3024 temporis
903 2995 1080 3015 mensuram
1122 2985 1171 3014 vel
1186 2985 1224 3014 ab
1239 2994 1276 3014 eo
1291 2983 1443 3014 subducta
1457 2983 1579 3014 conficit
1593 2989 1715 3023 tempus
1735 2984 1913 3016 absolutum
1926 2991 1957 3016 et

246 3026 437 3060 adhibemus,
469 3025 540 3055 licet
562 3026 657 3073 vulgo
679 3033 891 3067 supponantur
907 3027 1078 3067 oequabiles.
1122 3025 1296 3057 vice'versa.

245 3068 337 3099 variis
351 3073 455 3098 tamen
470 3077 507 3096 ex
523 3077 622 3097 caUS1s
636 3069 845 3099 accelerantur
858 3069 907 3099 vel
924 3069 1080 3099 retardan-
1166 3068 1224 3111 (m)
1250 3072 1299 3099 18.
1327 3067 1513 3107 Gyrantium
1533 3078 1696 3107 corporum
1711 3074 1812 3108 partes
1825 3067 1958 3110 singulm

246 3117 306 3146 tur,
322 3110 426 3150 sicque
440 3119 593 3139 mensurae
608 3110 668 3140 illae
682 3111 823 3152 vulgares
837 3121 901 3142 non
915 3117 988 3142 sunt
1001 3117 1079 3142 tem·
1121 3111 1154 3141 in
1169 3111 1274 3141 orbitis
1288 3110 1463 3141 curvilineis
1476 3117 1647 3146 moventur,
1665 3111 1802 3151 adeoque
1818 3113 1890 3153 (19)
1904 3121 1959 3150 per

247 3153 314 3194 pori
329 3151 469 3183 absoluto
483 3152 734 3191 proportionales.
1122 3159 1284 3194 tangentes
1307 3152 1475 3183 orbitarum
1490 3153 1642 3193 progredi,
1659 3160 1751 3194 atque
1773 3153 1817 3184 ita
1837 3154 1878 3185 nb
1900 3163 1958 3184 axe

281 3197 319 3237 (1)
335 3197 381 3226 17.
398 3193 546 3234 AEquatio
555 3195 699 3232 temporis
708 3195 820 3225 dicitur
831 3195 1003 3226 differentia
1014 3206 1084 3236 quae
1126 3194 1229 3225 motus
1243 3197 1385 3225 recedere
1400 3194 1562 3232 nituntur3
1585 3202 1620 3225 ut
1635 3195 1659 3225 si
1670 3197 1793 3226 trochus
1801 3194 1850 3225 vel
1858 3196 1958 3235 sphae·

248 3238 327 3268 inter
338 3243 460 3276 tempus
469 3236 642 3266 absolutum
653 3244 683 3266 et
699 3243 820 3276 tempus
838 3238 1008 3274 relativum,
1036 3239 1081 3280 (h.
1127 3248 1160 3268 ra
1175 3238 1254 3268 circa
1268 3248 1356 3268 axem
1372 3244 1498 3273 rotatur,
1515 3237 1647 3277 singula>
1661 3238 1786 3269 illorum
1795 3247 1961 3277 corporum

1900 3322 1912 3351 N
