2086 3542
633 268 955 311 PRINCIPIA
987 267 1479 316 MATHEMATICA.

154 270 300 310 met
322 268 542 321 Palmum]
1768 279 1852 318 29³

150 383 183 424 si
204 384 257 440 (¹)
278 385 460 441 erigatur
477 383 676 424 normalis
695 383 738 425 Y
759 384 794 425 Z
814 382 1154 425 circumferentiae
1173 397 1394 426 occurrens
1413 384 1459 425 in
1481 385 1527 435 Z,
1549 398 1667 426 arcus
1679 399 1854 429 nascens

151 455 201 496 H
223 455 256 496 Z
276 454 489 497 denotabit
508 453 651 495 datum
671 454 775 495 illud
796 463 971 510 tempus.
1033 454 1111 496 Est
1129 462 1269 496 autem
1288 469 1410 497 arcus
1440 455 1510 497 hic
1540 470 1714 499 nascens
1746 458 1794 500 H
1816 459 1851 501 Z

147 535 191 577 in
211 535 494 591 subduplicatz‘i
514 535 673 577 ratione
692 535 921 593 rectanguli
942 536 986 578 G
1009 536 1058 578 H
1077 536 1131 587 Y,
1154 534 1330 590 ideoque
1344 543 1391 576 ut
1414 536 1456 576 V
1470 536 1514 577 G
1531 536 1580 576 H
1594 545 1628 578 Χ
1641 537 1678 577 C
1695 537 1736 579 Ο
1750 547 1784 579 Χ
1806 530 1851 579 V.

152 605 276 648 Unde
295 614 456 661 tempus
477 606 742 666 oscillationis
762 607 935 663 integrae
955 607 999 648 in
1019 606 1208 663 cycloide
1239 606 1283 656 Q
1305 606 1346 647 R
1366 607 1398 648 S
1427 609 1554 661 (cum.
1572 606 1626 647 sit
1653 613 1700 647 ut
1730 607 1854 648 semi-

146 675 384 731 peripheria
406 675 455 717 H
478 676 520 717 K
542 676 607 727 Μ,
630 691 723 732 quae
752 677 1050 719 oscillationem
1084 677 1197 718 illam
1230 676 1434 733 integram
1467 676 1650 726 denotat,
1672 676 1853 728 directe3

146 756 274 803 utque
293 761 411 788 arcus
435 747 483 788 H
506 747 552 797 Z,
590 748 660 803 qui
691 748 834 789 datum
866 756 1028 803 tempus
1060 747 1246 790 similiter
1276 747 1458 798 denotat,
1494 746 1671 800 inverse)
1702 748 1775 789 fiet
1807 756 1855 790 ut

147 829 191 873 G
213 829 261 871 H
281 829 435 871 directe
456 838 498 872 et
527 831 568 872 xl
590 830 634 871 G
657 830 705 871 H
730 839 763 872 Χ
792 829 828 870 C
850 829 892 871 O
918 838 953 872 Χ
978 830 1016 870 V
1036 829 1212 881 inverse,
1234 829 1320 871 hoc
1339 838 1415 880 est,
1449 829 1505 870 ob
1535 829 1716 885 aequales
1738 830 1781 872 G
1804 830 1853 873 H

568 902 598 943 S
621 902 662 942 R
813 942 822 951 ‚
1664 901 1704 942 A
1729 901 1769 943 R

144 951 186 985 et
207 943 237 985 S
258 944 312 994 R,
341 951 388 984 ut
415 945 457 985 xl
477 960 752 1012 -C—O-R-V,
791 956 875 984 swe
908 944 1001 997 (per
1023 942 1165 984 Corol.
1190 943 1317 998 Prop.
1340 943 1412 995 L.)
1446 950 1494 984 ut
1522 944 1564 984 ⁴!
1584 961 1852 1012 W·

145 1038 290 1095 Itaque
310 1040 584 1081 oscillationes
603 1039 647 1079 in
667 1038 801 1096 globis
822 1045 864 1079 et
890 1038 1143 1095 cycloidibus
1179 1039 1384 1091 omnibus,
1411 1040 1729 1095 quibuscunque
1759 1054 1854 1081 cum

145 1111 300 1152 viribus
319 1111 516 1153 absolutis
535 1111 668 1161 factae,
691 1120 786 1152 sunt
804 1111 848 1152 in
868 1111 1028 1152 ratione
1059 1126 1153 1167 quae
1182 1111 1446 1166 componitur
1480 1126 1534 1152 ex
1569 1110 1853 1166 subduplicat&

143 1183 302 1225 ratione
320 1183 588 1241 longitudinis
623 1182 683 1224 fili
715 1182 882 1232 directe,
920 1190 962 1224 et
994 1182 1280 1238 subduplicata
1315 1183 1475 1224 ratione
1508 1182 1716 1223 distantiae
1746 1183 1854 1224 inter

141 1262 341 1310 punctum
358 1254 636 1310 suspensionis
658 1262 700 1296 et
720 1262 908 1296 centrum
927 1253 1041 1311 globi
1061 1253 1236 1304 inverse,
1258 1262 1301 1297 et
1321 1254 1607 1309 subduplicatfi
1622 1255 1781 1297 ratione
1794 1255 1854 1296 vis

141 1326 343 1369 absolutae
361 1326 476 1384 globi
496 1327 620 1368 etiam
639 1325 813 1368 inverse.
875 1326 931 1376 Q.
953 1341 989 1368 e.
1012 1326 1038 1367 i.

202 1401 330 1442 Corol.
365 1406 402 1442 1.
435 1400 551 1442 Hinc
571 1400 692 1441 etiam
723 1399 1012 1450 osculantium,
1050 1399 1284 1440 cadentium
1308 1406 1350 1440 et
1379 1399 1677 1441 revolventium
1708 1414 1855 1455 corpo·

143 1485 237 1512 rum
256 1479 444 1526 tempora
463 1479 636 1526 possunt
656 1470 764 1512 inter
784 1485 826 1512 se
847 1469 1038 1512 conferri.
1105 1470 1218 1512 Nam
1239 1471 1273 1512 si
1292 1478 1408 1521 rotae,
1431 1471 1681 1527 quii-cyclois
1696 1472 1857 1529 integra

140 1542 312 1599 globum
332 1542 590 1593 describitur,
617 1542 815 1583 diameter
835 1542 1110 1583 constituatur
1130 1542 1298 1598 aequalis
1319 1543 1624 1585 semidiametro
1653 1544 1767 1601 globi
1788 1560 1857 1602 cy·

141 1613 241 1654 clois
272 1614 323 1668 (Υ)
354 1613 500 1655 evadet
518 1613 630 1655 linea
649 1621 763 1654 recta
781 1627 858 1668 per
879 1621 1067 1654 centrum
1099 1613 1214 1671 globi
1234 1615 1448 1665 transiens,
1471 1623 1513 1656 et
1544 1616 1744 1658 oscillatio
1768 1618 1857 1672 jam

140 1683 219 1726 erit
250 1683 468 1737 descensus
502 1690 544 1724 et
574 1683 826 1738 subsequens
862 1698 1053 1725 ascensus
1086 1683 1130 1724 in
1164 1683 1243 1725 haic
1277 1684 1405 1728 rectz'i.
1480 1685 1607 1727 Unde
1627 1686 1749 1727 datur
1766 1694 1857 1728 tum

140 1763 302 1809 tempus
322 1753 543 1796 descensus
564 1752 727 1794 deloco
748 1753 891 1809 quovis
921 1752 975 1794 ad
1014 1762 1215 1804 centrum,
1251 1762 1340 1795 tum
1371 1762 1533 1810 tempus
1566 1755 1665 1796 huic
1698 1757 1857 1812 aequale

139 1839 223 1881 quo
242 1838 393 1879 corpus
413 1823 672 1865 uniformiter
691 1822 800 1864 circa
819 1830 1007 1864 centrum
1027 1822 1143 1879 globi
1168 1823 1223 1864 ad
1242 1823 1477 1865 distantiam
1508 1826 1694 1881 quamvis
1722 1827 1857 1869 revol-

138 1896 275 1938 vendo
295 1909 437 1937 arcum
456 1893 768 1950 quadrantalem
789 1893 997 1935 describit.
1063 1893 1141 1935 Est
1172 1894 1223 1949 (²)
1254 1895 1362 1936 enim
1383 1894 1466 1937 hoc
1483 1904 1645 1951 tempus
1676 1900 1769 1952 (per
1788 1913 1855 1940 ca-

140 1981 232 2009 sum
253 1965 497 2018 secundum)
531 1965 585 2006 ad
612 1973 776 2020 tempus
796 1964 1163 2007 semioscillationis
1182 1966 1226 2007 in
1256 1967 1440 2022 cycloide
1470 1966 1610 2023 qufivis
1631 1968 1674 2019 Q
1696 1969 1737 2011 R
1758 1970 1789 2013 S
1808 1979 1855 2012 ut

331 2037 436 2078 AR

143 2079 461 2147 ladxlff.

198 2176 326 2219 Corol.
359 2181 400 2216 2.
445 2174 563 2217 Hinc
597 2175 722 2217 etiam
753 2182 1046 2217 consectantur
1078 2190 1172 2232 quae
1212 2177 1430 2219 Wrennus
1465 2186 1506 2220 et
1540 2179 1764 2236 Hugenius
1797 2182 1850 2223 de

183 2315 232 2358 (¹)
257 2317 276 2335 ⁶
300 2316 345 2347 Et
368 2316 394 2346 si
418 2316 554 2355 erigatur
578 2317 732 2351 normalis,
758 2315 814 2345 διε.
873 2316 977 2347 Areus

499 2357 506 2363 .
1063 2315 1110 2357 (Υ)
1135 2319 1152 2336 ⁰
1177 2319 1290 2357 cyclois
1304 2320 1405 2349 evadet
1419 2320 1499 2351 linea
1512 2327 1592 2351 recta
1617 2321 1721 2362 (461).
1751 2321 1764 2329 ¹

142 2359 179 2391 H
197 2359 222 2389 Z
238 2358 297 2389 erit
311 2357 351 2388 ad
365 2357 647 2396 semipenpheriam
666 2358 699 2387 H
719 2357 751 2388 K
771 2358 820 2394 M,
840 2364 876 2388 ut
897 2364 977 2388 tem-

1062 2358 1112 2397 (Ζ)
1137 2361 1154 2378 ⁰
1178 2360 1236 2390 Est
1260 2363 1340 2391 enim
1364 2363 1418 2392 hoc
1441 2369 1570 2402 tempus,
1586 2363 1641 2393 &a
1689 2364 1847 2399 Quoniam

139 2412 200 2443 pus
213 2401 324 2431 datum
339 2410 402 2440 quo
416 2399 597 2430 describitur
614 2400 650 2430 H
667 2401 707 2437 Y,
717 2399 757 2430 ad
767 2406 889 2438 tempus
903 2401 973 2430 uni-

139 2455 179 2475 us
203 2443 404 2474 osc-illationis
426 2442 537 2484 (Prop.
562 2443 633 2482 38.)
655 2441 741 2482 quod
764 2441 894 2481 proinde
917 2443 976 2473 erit

140 2492 178 2517 ut
191 2485 439 2525 semiperipheria
456 2485 490 2515 H
508 2485 540 2514 K
557 2485 606 2521 M,
629 2495 684 2515 seu
709 2490 746 2514 ut
770 2484 874 2515 radius
891 2485 921 2515 G
938 2485 975 2515 H

140 2527 265 2565 directe,
282 2533 314 2558 et
327 2537 416 2558 arcus
434 2527 469 2558 H
486 2527 511 2558 Z
526 2526 655 2558 inverse.
698 2527 758 2558 Est
768 2532 872 2557 autem
886 2537 976 2558 arcus

142 2581 271 2602 nascens
295 2570 330 2600 H
347 2570 373 2600 Z
399 2569 668 2611 aequalis‘chordae
694 2570 728 2600 H
746 2570 771 2599 Z
796 2571 865 2609 (per
880 2570 971 2600 Lem.

141 2613 188 2654 7.)
210 2610 350 2654 adquue
374 2613 427 2653 (ex
442 2611 553 2642 nature
566 2612 688 2653 circuli)
707 2613 741 2642 H
760 2612 786 2642 Z
801 2613 816 2630 ²
831 2624 877 2643 ..τ-
894 2613 930 2643 Η
943 2613 973 2643 Y

146 2655 436 2693 ><MH=2G
461 2654 498 2684 H
522 2659 556 2691 Χ
583 2655 687 2692 ΗΥ;
717 2652 910 2690 Quarecfim
931 2655 972 2685 sit

144 2697 483 2734 HwYutcoxv,
510 2697 567 2727 erit
594 2697 628 2727 H
654 2697 710 2726 Z²
735 2697 967 2735 ut2GH><

144 2738 836 2778 coxv,seu‚utGH><co><V;
857 2739 971 2770 ethinc

142 2813 266 2847 tempus
273 2806 367 2837 unius
375 2807 571 2839 osculationis
579 2813 615 2838 ut
629 2778 971 2875 *ώ-τ-ἣᾘΙἯ-ῗῆ

330 2874 373 2905 -G
390 2874 427 2904 H
694 2876 716 2906 S
733 2877 764 2905 R

141 2912 190 2932 '²
220 2901 264 2941 V
297 2917 470 2964 δῆῖν
496 2914 542 2932 =
566 2903 610 2944 ν
640 2919 819 2965 W
849 2914 892 2933 =

139 2968 685 3055 ffffioben=smet
710 2971 965 3054 ἓ-Ῑὲεέ-ἓ.

146 3067 216 3107 (pet
232 3065 303 3097 Cor.
328 3063 419 3102 Prop.
438 3064 508 3103 50.)

1017 2401 1153 2441 cycloide
1171 2402 1204 2437 Q
1220 2402 1250 2432 R
1268 2403 1290 2433 S
1310 2402 1344 2432 in
1366 2409 1480 2438 rectam
1505 2404 1625 2436 mutata
1645 2405 1681 2437 fit
1704 2406 1735 2436 A
1754 2407 1786 2438 R
1798 2418 1845 2437 =

1019 2444 1050 2474 A
1069 2444 1106 2480 C,
1129 2443 1187 2474 erit
1210 2449 1279 2483 (per
1294 2445 1364 2475 Cas.
1383 2445 1432 2485 2.)
1454 2452 1524 2476 tum
1538 2452 1661 2487 tempus
1682 2447 1846 2480 descensus

1017 2485 1140 2516 deloco
1161 2487 1268 2526 quovis
1293 2486 1333 2516 ad
1356 2494 1508 2525 centrum,
1533 2494 1603 2519 tum
1627 2496 1749 2529 tempus
1770 2491 1845 2523 huic

1018 2527 1136 2568 aequale
1159 2529 1269 2570 (Prop.
1282 2529 1352 2569 38.)
1376 2540 1432 2569 per
1452 2530 1559 2561 circuli
1582 2532 1784 2572 quadrantem
1805 2541 1844 2565 ut

1017 2599 1059 2637 γ
1077 2573 1131 2651 ὲ.
1178 2597 1272 2628 Unde
1286 2597 1344 2628 erit
1355 2598 1415 2628 hoc
1429 2604 1552 2639 tempus
1565 2599 1605 2630 ad
1618 2605 1742 2640 tempus
1751 2602 1843 2632 semi-

1013 2664 1211 2695 oscillationis
1225 2665 1259 2695 in
1273 2665 1409 2706 cycloide
1424 2666 1531 2708 quevis
1545 2667 1577 2703 Q
1594 2667 1626 2698 R
1643 2667 1665 2698 S
1679 2668 1713 2698 in
1726 2674 1842 2700 rectam

1013 2743 1078 2763 non
1091 2732 1210 2763 mutati
1230 2739 1266 2763 ut
1282 2736 1324 2775 γ
1343 2711 1382 2791 -ἰῖ
1399 2734 1439 2766 ad
1454 2737 1497 2775 ν
1511 2710 1702 2799 &gg—'fr
1714 2738 1774 2768 hoc
1785 2743 1840 2776 est,

1012 2829 1052 2859 ob
1066 2828 1171 2859 datam
1186 2826 1227 2864 V,
1243 2833 1280 2858 ut
1298 2830 1311 2858 1
1328 2829 1368 2860 ad
1383 2830 1427 2870 4!
1442 2802 1537 2885 ἕ-Ῑ-ἑ.
1565 2810 1752 2865 Quareiiato
1761 2836 1839 2862 tem-

1011 2906 1087 2935 pore
1100 2895 1195 2926 unius
1205 2895 1402 2928 osculationis
1416 2896 1450 2926 in
1460 2896 1597 2937 cycloide
1604 2897 1713 2938 quivis
1726 2899 1760 2936 Q,
1770 2899 1804 2931 R
1817 2900 1839 2931 S

1012 2938 1093 2969 circa
1105 2944 1246 2970 centrum
1263 2939 1301 2975 C,
1323 2938 1448 2969 dabitur
1467 2945 1590 2979 tempus
1614 2941 1779 2973 descensus
1798 2941 1838 2974 de

1010 2979 1079 3011 loco
1092 2980 1200 3020 quovis
1213 2980 1253 3010 ad
1277 2980 1360 3011 idem
1385 2987 1536 3019 centrum,
1561 2988 1594 3012 et
1617 2989 1740 3022 tempus
1762 2984 1837 3016 huic

1010 3023 1127 3062 aequale
1141 3022 1406 3062 perquadrantem
1426 3023 1534 3056 circuli
1554 3024 1594 3055 ad
1614 3026 1754 3067 quamvis
1774 3027 1836 3059 dis·

1010 3067 1138 3096 tantiam
1152 3064 1304 3105 descn’pti.

955 3106 1024 3136 ΤΕ
