2086 3542
222 261 276 296 ‘24

641 253 1089 296 PHILOSOPHIAE
1127 254 1487 299 NATURALIS

1610 261 1808 309 [Ame.
1836 272 1935 302 srva
1981 316 1985 321 N

276 368 318 423 (¹)
352 368 414 411 Ut
433 367 465 408 si
485 382 633 423 corpus
653 368 899 423 sphaeric-um
919 368 961 410 A
981 368 1032 409 sit
1052 367 1177 423 triplo
1203 370 1334 424 majus
1354 384 1526 424 corpore
1553 370 1755 425 sphaerico
1778 372 1828 422 B,
1857 371 1933 413 ha-

218 439 392 495 beatque
411 438 512 480 duas
532 438 755 480 velocitatis
773 445 929 493 partes3
960 445 1001 479 et
1022 439 1060 480 B
1092 446 1283 494 sequatur
1301 439 1345 480 in
1365 439 1510 481 eadem
1549 441 1659 482 recta
1689 457 1785 483 cum
1818 442 1932 484 velo-

217 510 346 551 citatis
366 510 549 565 partibus
570 509 725 560 decem,
747 508 922 564 ideoque
936 515 1070 549 motus
1085 509 1210 563 ipsius
1225 509 1266 551 A
1279 509 1330 550 sit
1341 509 1395 550 ad
1413 517 1572 551 motum
1583 511 1708 565 ipsius
1723 512 1774 562 B,
1791 519 1837 553 ut
1855 527 1930 554 sex
1948 557 1950 559 ,

216 581 269 622 ad
296 580 456 622 decem:
493 587 701 635 ponantur
726 586 861 620 motus
891 579 971 619 inis
990 593 1075 619 esse
1107 579 1287 633 partium
1320 594 1394 621 sex
1420 587 1461 620 et
1485 581 1664 634 partium
1691 581 1847 633 decem,
1888 590 1929 624 et

215 666 375 693 summa
394 652 471 693 erit
489 652 668 707 partium
689 650 909 693 sexdecim.
969 651 1021 693 In
1041 665 1262 706 corporum
1280 652 1406 708 igitur
1425 667 1640 704 concursu,
1662 654 1695 695 si
1716 669 1865 710 corpus
1886 655 1927 696 A

214 723 395 764 lucretur
413 725 548 763 motus
567 729 703 777 partes
723 729 805 763 tres
824 721 889 763 vel
909 728 1085 777 quatuor
1103 721 1168 762 vel
1201 721 1396 777 quinque,
1427 734 1576 778 corpus
1598 724 1636 766 Β
1655 725 1814 767 amittet
1830 740 1927 781 par-

213 802 272 836 tes
287 794 471 844 totidem,
494 793 679 849 adeoque
703 800 849 850 perget
869 807 1018 847 corpus
1040 792 1078 832 A
1098 799 1192 847 post
1206 792 1471 834 reflexionem
1508 808 1604 835 cu1n
1632 795 1820 849 partibus
1849 811 1927 838 no-

214 880 306 907 vem
325 865 390 906 vel
409 864 552 906 decem
571 864 637 906 vel
656 864 861 916 undecim,
884 871 925 906 et
945 864 983 907 B
996 877 1090 905 cum
1105 863 1289 918 partibus
1309 870 1465 918 septem
1484 863 1549 904 vel
1564 878 1636 905 sex
1655 865 1718 906 vel
1730 866 1924 923 quinque,

215 977 285 1007 tivae
300 976 415 1007 elaterii
430 976 469 1007 ad
484 976 547 1007 vim
562 975 806 1016 compressivam,
820 974 894 1015 sive,
910 976 995 1019 quod
1009 987 1047 1007 ex

213 1022 428 1051 demonstratis
447 1020 531 1050 idem
546 1028 599 1056 est,
626 1021 705 1051 ratio
719 1021 888 1051 velocitatis
902 1020 1045 1059 respecti-

213 1074 260 1093 vae
281 1069 350 1102 post
374 1064 546 1102 impactum
569 1063 610 1093 ad
631 1063 825 1093 velocitatem
846 1063 1047 1101 respectivam

213 1105 284 1136 ante
310 1106 488 1144 impactum,
517 1115 612 1145 quam
625 1105 776 1135 rationem
791 1104 825 1134 in
846 1104 955 1134 iisdem
980 1114 1047 1134 cor-

214 1149 339 1186 poribus
361 1153 553 1177 constantem
567 1157 641 1182 esse,
667 1147 885 1185 experimentis
907 1146 1047 1185 probavit

215 1191 248 1220 N
250 1200 407 1223 twrouus,
433 1189 490 1218 nisi
505 1195 609 1219 tamen
624 1195 726 1227 partes
746 1197 911 1227 corporum
923 1198 963 1218 ex
974 1198 1047 1218 con-

213 1242 320 1272 gressu
333 1232 496 1266 laedantur,
507 1231 556 1261 vel
568 1231 778 1261 extensionem
788 1230 953 1270 aliqualem
961 1230 1050 1270 quasi

214 1276 272 1304 sub
286 1274 401 1305 malleo
425 1273 592 1312 patiantur.
652 1274 789 1313 Corpora
814 1272 900 1303 omni
923 1273 1049 1304 elaterio

213 1316 359 1353 destituta
373 1323 596 1355 supponantur,
621 1321 652 1346 et
666 1315 700 1345 in
722 1314 758 1345 ea
779 1314 942 1355 hypothesi
962 1325 1048 1355 quae-

213 1365 298 1389 ratur
312 1358 468 1399 quantitas
484 1357 589 1388 motus
611 1357 645 1387 in
659 1367 849 1399 unoquoque
863 1367 991 1397 corpore
1008 1367 1047 1388 ex

212 1401 278 1432 ictu
303 1401 452 1442 acquisita
466 1400 515 1430 vel
538 1400 657 1436 amissa,
685 1400 738 1430 cui
751 1399 856 1430 motus
881 1400 1047 1440 quantitati

213 1443 239 1473 si
250 1443 382 1474 addatur
392 1443 548 1483 quantitas
556 1442 660 1473 motus
671 1443 701 1472 vi
710 1442 842 1473 elasticae
852 1442 1045 1481 proportion-

170 1511 172 1513 .
213 1486 278 1522 alis,
291 1495 415 1516 summa
425 1485 482 1515 erit
492 1494 563 1515 vera
573 1485 727 1525 quantitas
737 1484 842 1515 motus
852 1495 890 1514 ex
901 1484 1047 1515 conflictu

213 1538 376 1567 corporum
391 1526 569 1567 imperfecte
583 1527 778 1558 elasticorum
801 1527 836 1557 in
859 1537 1048 1567 unoquoque

213 1571 361 1610 acquisita
376 1570 425 1600 vel
447 1570 567 1605 amissa,
593 1580 630 1600 ex
646 1569 708 1609 qua
723 1569 796 1601 data
819 1575 850 1600 et
863 1579 902 1600 ex
924 1569 1048 1609 quanti-

214 1619 276 1643 tate
299 1612 402 1643 motfis
427 1613 563 1651 corporis
585 1612 737 1653 cujusque
761 1611 833 1643 ante
857 1611 1046 1648 conflictum,

213 1656 372 1694 reperitur,
389 1661 426 1686 ut
437 1654 538 1694 supra.
557 1654 659 1685 omnis
673 1654 828 1694 quantitas
846 1653 950 1685 motiis
964 1654 1048 1685 illius

214 1704 281 1737 post
294 1697 485 1728 conflictum.
532 1697 688 1736 Exemplo
702 1697 758 1727 lux
773 1696 943 1737 affulgebit.

258 1740 296 1782 (l)
320 1744 368 1772 54.
396 1739 517 1770 Globus
531 1740 572 1777 A,
597 1739 637 1770 sit
651 1739 743 1779 triplo
767 1740 867 1781 major
888 1739 982 1780 globo
1006 1739 1045 1775 B,

213 1783 386 1822 habeatque
403 1781 483 1812 duos
495 1782 665 1813 velocitatis
689 1781 812 1823 gradus,
836 1781 922 1812 illius
946 1781 1050 1812 motus

213 1825 368 1864 quantitas
384 1824 434 1866 (6)
451 1824 508 1854 erit
524 1828 589 1855 ut3
607 1829 640 1861 χ
659 1828 688 1860 2,
716 1834 771 1854 seu
786 1828 815 1855 6.
838 1825 878 1860 B,
903 1831 1051 1864 sequatur

213 1866 248 1896 in
262 1866 370 1897 eadem
384 1865 467 1897 recta
475 1877 547 1897 cum
562 1866 732 1897 velocitatis
742 1866 897 1907 gradibus,
911 1870 961 1903 10,
977 1866 1050 1897 erit-

213 1919 275 1950 que
288 1909 444 1950 quantitas
471 1907 574 1939 motus
585 1909 670 1949 globi
687 1909 725 1945 B,
750 1912 764 1939 1
784 1914 817 1946 ><
838 1913 885 1947 10,
910 1919 975 1945 seu,
999 1913 1049 1947 10,

291 1974 299 1981 .
341 1955 385 1981 1⁰.
410 1951 443 1982 Si
466 1950 552 1992 globi
576 1951 691 1982 elastici
714 1961 778 1981 non
800 1952 887 1986 sunt,
906 1951 1051 1982 velocitas

213 1994 388 2024 communis
400 1999 470 2032 post
484 1993 662 2023 conflictum
679 1993 750 2035 (52)
767 1993 824 2024 erit
841 1997 880 2025 16
901 2006 908 2025 ι
938 1998 967 2030 4,
992 2004 1048 2024 seu

213 2040 253 2074 43
276 2046 371 2076 quare
385 2035 541 2076 quantitas
554 2035 658 2066 motus
672 2036 768 2075 ipsius
783 2037 821 2072 A,
838 2042 909 2075 post
922 2036 1047 2067 conflic-

213 2084 282 2109 tum
297 2078 354 2109 erit
369 2082 390 2109 5
407 2082 440 2115 ><
458 2081 486 2112 4,
504 2088 558 2108 seu
577 2081 625 2109 12.
654 2079 693 2113 B,
718 2077 790 2109 vero
803 2078 958 2119 quantitas
979 2089 1048 2109 mo-

212 2121 263 2160 tus
277 2121 335 2151 erit
353 2124 365 2151 1
388 2125 420 2157 ><
440 2126 468 2155 4,
485 2131 541 2150 seu
555 2124 586 2152 4.
634 2121 746 2161 Itaque
765 2121 921 2161 quantitas
944 2121 1048 2152 motus

211 2173 231 2194 a
245 2172 372 2202 corpore
389 2163 428 2198 B,
446 2162 557 2193 amissa
571 2168 626 2200 est,
644 2167 672 2200 6,
699 2169 730 2193 et
745 2164 865 2202 corpori
884 2164 923 2199 A,
940 2164 1046 2204 acqui-

212 2206 269 2236 sita
286 2211 332 2236 est
356 2205 459 2241 etiam,
488 2209 508 2236 6
527 2228 535 2236 .
551 2227 559 2235 .
579 2227 588 2236 .
602 2226 611 2235 .
636 2210 682 2236 2⁰.
725 2206 757 2235 Si
772 2206 857 2246 globi
883 2212 956 2237 sunt
977 2216 1047 2245 per-

211 2247 292 2278 fecte
324 2247 448 2284 elastici,
484 2248 670 2288 quantitates
705 2247 769 2278 inae
805 2248 957 2288 duplicari
992 2248 1046 2279 de-

211 2292 285 2321 bent
308 2289 389 2332 (55),
405 2295 496 2320 erunt
520 2290 617 2330 igitur
632 2294 672 2321 12
687 2296 718 2320 et
737 2294 783 2320 12.
828 2291 861 2321 Si
879 2291 1043 2331 quantitati

211 2332 314 2363 motus
370 2337 399 2368 6,
416 2331 502 2372 globi
514 2334 554 2369 A,
572 2331 643 2363 ante
658 2332 836 2363 conflictum
846 2333 971 2374 jungas,
992 2337 1040 2372 12,

211 2385 333 2411 summa
344 2375 409 2410 erit,
428 2378 474 2410 18,
497 2374 652 2415 quantitas
662 2374 765 2405 motus
785 2375 870 2406 illius
880 2381 949 2415 post
966 2385 1041 2407 cou-

209 2416 339 2455 flictum;
352 2418 378 2448 si
390 2416 462 2448 vero
471 2427 509 2448 ex
528 2418 698 2457 quantitate
705 2416 816 2454 motus,
833 2422 880 2454 10,
894 2418 989 2457 ipsius
999 2419 1039 2455 B,

149 2495 151 2498 Ι
209 2460 280 2490 ante
295 2459 473 2490 conflictum
481 2459 672 2496 subduxeris,
693 2463 740 2496 12,
756 2460 961 2500 quantitatem
973 2471 1041 2492 mo-

208 2501 259 2532 tus
281 2513 336 2542 per
358 2502 537 2534 conflictum
560 2502 712 2538 amissam,
739 2503 899 2533 residuum
920 2508 1037 2540 est—2,

208 2544 293 2584 quod
303 2545 483 2585 signum—‚
506 2550 543 2575 ut
556 2551 668 2575 notum
690 2550 745 2580 est,
762 2546 945 2575 contrariam
958 2547 1040 2586 posi-

209 2587 326 2617 tionem
340 2587 500 2628 significat,
525 2597 581 2617 seu
595 2596 706 2625 corpus
731 2588 770 2622 B,
794 2593 864 2626 post
885 2588 984 2618 ictum
1005 2589 1040 2618 in

208 2629 393 2660 contrariam
415 2629 540 2670 plagam
558 2628 653 2659 resilit
667 2639 740 2659 curn
750 2628 808 2659 hac
829 2629 931 2660 motus
941 2641 1039 2670 quan·-

209 2670 295 2701 titate
310 2676 330 2702 2
345 2693 353 2702 .
372 2693 381 2702 .
400 2694 409 2703 .
427 2693 436 2702 .
460 2676 508 2703 59.
543 2670 575 2701 Si
589 2670 674 2712 globi
690 2672 720 2702 A
737 2677 769 2701 et
786 2672 824 2707 Β,
850 2671 912 2702 sint
925 2672 1038 2711 imper-

209 2713 288 2743 fecte
314 2714 438 2751 elastici,
462 2714 561 2755 sitque
585 2723 614 2744 v.
632 2723 691 2754 gr„
708 2723 817 2744 eorum
831 2713 877 2743 vis
890 2715 1038 2745 restituti-

209 2763 246 2784 va
261 2756 415 2794 subdupla
428 2757 475 2787 vis
497 2757 715 2795 compressivae,
740 2756 798 2786 erit
812 2756 858 2786 vis
882 2766 1036 2795 compres-

208 2797 272 2827 siva
286 2798 326 2827 ad
339 2799 401 2827 vim
417 2799 619 2829 restitutivam
635 2799 704 2847 (seu
720 2801 749 2834 2,
765 2797 806 2828 ad
824 2797 855 2838 1)
866 2804 902 2828 ut
915 2799 1037 2838 quanti-

207 2844 254 2869 tas
268 2838 378 2874 motus,
395 2845 424 2875 6,
438 2851 475 2871 ex
486 2842 550 2871 ictu
561 2841 708 2882 acqmsita
715 2840 766 2871 vel
773 2841 884 2871 amissa
892 2841 932 2871 ad
940 2851 1038 2881 quan-

207 2881 327 2911 titatem
342 2882 452 2918 motus,
477 2887 505 2919 3,
533 2882 598 2913 sola
611 2882 644 2913 vi
664 2882 834 2913 restitutiva
857 2883 1037 2923 acquisitam

207 2923 256 2953 vel
270 2923 413 2954 amissam
426 2936 435 2962 ;
464 2935 558 2964 quare
583 2926 650 2956 haec
664 2925 827 2965 quantitas,
851 2928 881 2960 3,
907 2925 1039 2956 addatur

207 2965 379 3005 quantitati,
403 2971 432 3001 6,
456 2977 494 2996 ex
508 2967 573 2997 ictu
587 2967 745 3008 acquisitae
758 2967 792 2998 in
807 2977 933 3006 corpore
950 2968 990 3003 A,
1008 2976 1039 3000 et

208 3007 327 3038 amissae
341 3007 374 3038 in
388 3018 514 3047 corpore
538 3009 578 3044 B,
603 3019 734 3045 summa,
760 3014 788 3045 9,
805 3009 863 3040 erit
885 3010 1039 3050 quantitas

208 3050 312 3080 motus
325 3050 446 3092 integra
460 3057 524 3080 tam
539 3061 577 3081 ex
592 3051 656 3082 ictu
681 3053 774 3092 quam
788 3062 827 3082 ex
852 3052 976 3084 elaterio
989 3063 1040 3083 ac-

209 3092 320 3133 quisita
334 3092 383 3123 vel
406 3092 517 3122 amissa
530 3104 540 3130 ;
559 3092 645 3123 unde
659 3094 814 3134 quantitas
838 3094 942 3125 motus
956 3095 1041 3135 globi

211 3134 248 3171 A,
266 3141 334 3174 post
348 3134 527 3166 conflictum
540 3140 597 3171 est,
614 3139 633 3165 6
649 3137 691 3177 -Ι-
710 3141 738 3171 9,
752 3147 819 3174 seu,
835 3140 887 3176 15,
903 3137 987 3179 globi
1001 3139 1039 3175 B,

209 3181 343 3216 10-9,
359 3187 414 3208 seu
431 3180 458 3214 1,
474 3187 606 3217 quarum
621 3188 742 3209 summa
757 3185 809 3215 est,
831 3182 878 3211 16.

1134 976 1193 1019 (m)
1217 979 1267 1009 55.
1295 976 1436 1018 Cognitis
1450 976 1673 1018 quantitatibus
1696 985 1841 1010 motuum
1855 980 1925 1020 qui.

1089 1019 1220 1050 buscum
1231 1029 1359 1059 corpora
1366 1025 1436 1058 post
1446 1019 1626 1050 conflictum
1634 1026 1774 1061 pergent,
1785 1021 1926 1053 invenie-

1088 1067 1140 1093 tur
1149 1062 1302 1103 cujusque
1312 1062 1456 1093 velocitas
1467 1062 1633 1092 dividendo
1644 1063 1847 1103 quantitatem
1856 1074 1926 1096 mo-

1088 1103 1140 1134 tus
1167 1104 1319 1145 cujusque
1347 1104 1482 1144 corporis
1504 1114 1559 1143 per
1586 1104 1672 1135 illius
1699 1115 1833 1136 massam
1863 1105 1923 1149 (6),

1090 1152 1146 1176 aut
1161 1146 1254 1176 etiam
1268 1146 1342 1186 quia
1357 1146 1495 1187 ejusdem
1511 1147 1646 1186 corporis
1659 1147 1787 1178 diversae
1801 1149 1926 1189 quanti-

1091 1194 1170 1219 tates
1183 1187 1296 1226 motus,
1309 1196 1383 1219 sunt
1404 1195 1441 1219 ut
1454 1188 1630 1219 velocitates
1645 1189 1706 1232 (6),
1731 1190 1872 1227 dicendo,
1888 1198 1927 1223 ut

1091 1231 1246 1270 quantitas
1270 1230 1375 1261 motfis
1388 1230 1459 1262 ante
1474 1230 1653 1262 conflictum
1666 1232 1707 1262 ad
1721 1234 1925 1273 quantitatem

1090 1272 1194 1303 motus
1208 1279 1278 1312 post
1291 1272 1480 1309 conflictum,
1497 1273 1541 1304 ita
1554 1273 1699 1305 velocitas
1709 1275 1845 1314 corporis
1852 1275 1925 1307 ante

1091 1314 1270 1345 conflictum
1283 1315 1323 1345 ad
1337 1315 1422 1346 illius
1435 1315 1629 1347 velocitatem
1651 1322 1722 1356 post
1735 1317 1924 1349 conflictum.

1135 1357 1183 1396 (n)
1206 1361 1258 1388 56.
1280 1357 1314 1388 si
1328 1367 1456 1397 corpora
1466 1368 1671 1399 quaecumque
1683 1359 1714 1389 A
1729 1365 1761 1390 et
1774 1361 1812 1396 B,
1824 1360 1925 1391 diver-

1089 1398 1130 1429 sis
1144 1399 1177 1429 in
1191 1399 1282 1430 rectis
1299 1400 1330 1430 A
1348 1400 1383 1435 C,
1402 1400 1429 1431 B
1447 1400 1482 1435 C,
1498 1400 1664 1434 moventia,
1691 1401 1830 1433 incidant
1842 1402 1878 1432 in
1891 1413 1924 1433 se

1089 1441 1201 1472 mutuo
1216 1440 1340 1482 oblique
1354 1441 1388 1471 in
1405 1442 1443 1478 C,
1469 1448 1501 1472 et
1514 1442 1710 1482 requirantur
1733 1453 1842 1475 eorum
1856 1455 1924 1475 mo-

1089 1490 1140 1514 tus
1154 1490 1222 1523 post
1236 1484 1416 1524 impactum.
1445 1484 1687 1525 Cognoscendus
1701 1492 1747 1517 est
1761 1486 1838 1517 situs
1859 1486 1924 1526 pla-

1090 1526 1123 1555 ni
1142 1526 1167 1556 F
1183 1527 1222 1561 L,
1247 1537 1266 1556 a
1280 1537 1344 1566 quo
1365 1536 1492 1566 corpora
1514 1527 1730 1558 concurrentia
1751 1535 1927 1570 tanguntur

1089 1568 1123 1598 in
1136 1574 1252 1607 puncto
1267 1568 1434 1599 concursus
1459 1569 1501 1606 C;
1524 1569 1637 1600 deinde
1651 1571 1788 1610 corporis
1809 1572 1926 1602 utrius-

1089 1621 1151 1651 que
1164 1617 1269 1641 motus
1285 1611 1316 1641 A
1334 1612 1369 1647 C,
1386 1612 1415 1642 B
1430 1611 1468 1648 C,
1493 1613 1562 1652 (per
1579 1611 1693 1642 Coroll.
1713 1612 1755 1651 2.)
1771 1612 1925 1654 distingu-

1090 1653 1190 1683 endus
1212 1659 1258 1684 est
1272 1653 1305 1682 in
1319 1652 1400 1684 duos
1417 1653 1448 1683 A
1466 1653 1508 1689 D,
1533 1659 1565 1683 et
1582 1654 1613 1684 A
1632 1654 1666 1689 F,
1693 1655 1722 1685 B
1738 1655 1769 1686 E
1784 1661 1816 1686 et
1830 1657 1858 1686 B
1878 1656 1922 1692 H,

1089 1705 1191 1725 unum
1205 1694 1316 1734 nempe
1334 1697 1364 1726 A
1391 1695 1419 1726 F
1433 1705 1488 1726 seu
1508 1696 1541 1726 D
1560 1696 1594 1730 C,
1619 1702 1651 1726 et
1666 1697 1694 1727 B
1712 1697 1748 1727 H
1762 1707 1817 1728 seu
1836 1698 1866 1728 E
1885 1700 1922 1735 C,

1090 1738 1163 1768 huic
1177 1737 1271 1777 plano
1289 1737 1314 1768 F
1324 1737 1354 1768 L
1368 1737 1663 1777 perpendicularem,
1679 1738 1812 1770 alterum
1830 1741 1859 1771 A
1878 1741 1923 1777 D,

1091 1781 1120 1812 Β
1138 1780 1177 1815 Ε,
1195 1780 1296 1810 eidem
1309 1779 1501 1819 parallelum.
1551 1780 1637 1815 Quia
1650 1780 1722 1813 ver&
1736 1792 1864 1822 corpora
1877 1793 1921 1814 se-

1091 1822 1231 1853 cundum
1245 1822 1406 1862 parallelas
1428 1822 1459 1853 A
1477 1822 1519 1857 D.
1533 1823 1562 1852 B
1578 1823 1617 1858 E,
1633 1823 1674 1854 ad
1688 1834 1720 1854 se
1734 1823 1847 1856 mutuo
1861 1835 1925 1856 non

1092 1865 1251 1901 accedunt,
1267 1864 1322 1895 sed
1335 1864 1460 1895 tantum
1470 1864 1643 1895 secundum
1657 1867 1926 1906 perpendiculares

1094 1908 1128 1938 D
1147 1908 1182 1942 C,
1201 1907 1231 1938 E
1250 1908 1284 1942 C,
1301 1907 1335 1937 in
1349 1917 1381 1937 se
1395 1907 1527 1938 invicem
1542 1913 1650 1948 agunt,
1666 1915 1771 1940 motus
1784 1910 1924 1949 paralleli

1095 1950 1126 1980 A
1145 1950 1187 1986 D,
1205 1951 1232 1980 B
1250 1950 1288 1985 E,
1309 1959 1364 1988 per
1386 1949 1556 1988 impactum
1572 1959 1635 1979 non
1653 1957 1824 1988 mutantur,
1850 1952 1924 1983 ade-

1092 1991 1173 2032 oque
1187 1991 1339 2022 retinendi
1358 1997 1432 2022 sunt
1456 1991 1551 2022 iidem
1575 1999 1644 2030 post
1667 1993 1847 2025 conflictum
1891 1996 1925 2025 ui

1090 2040 1177 2065 erant
1191 2040 1262 2065 ante
1277 2034 1454 2064 conflictum
1460 2046 1469 2072 ;
1492 2040 1523 2064 et
1537 2034 1672 2066 motibus
1690 2037 1837 2075 perpendi
1891 2048 1925 2068 a-

1089 2077 1175 2107 ribus
1202 2078 1234 2107 D
1253 2077 1288 2111 C,
1315 2077 1346 2107 E
1365 2077 1401 2111 C,
1427 2076 1616 2107 mutationes
1630 2077 1763 2118 aequales
1775 2079 1811 2109 in
1823 2085 1927 2119 partes

1090 2119 1257 2150 contrarias
1269 2119 1294 2150 C
1307 2119 1349 2154 D,
1370 2120 1395 2150 C
1408 2119 1447 2154 E,
1464 2118 1636 2148 tribuendae
1647 2126 1720 2151 sunt
1731 2121 1774 2152 sic
1787 2128 1824 2152 ut
1838 2131 1923 2152 sum-

1089 2171 1141 2192 ma
1164 2161 1408 2200 conspirantium
1433 2167 1464 2191 et
1500 2160 1674 2192 differentia
1699 2165 1925 2195 contrariorum

1089 2210 1213 2234 maneat
1227 2203 1336 2234 eadem
1351 2209 1423 2234 ante
1432 2209 1463 2233 et
1470 2209 1539 2242 post
1550 2203 1729 2235 conflictum
1745 2207 1879 2247 (Coroll.
1893 2210 1924 2238 3.

1090 2245 1210 2285 Newt.)
1237 2246 1281 2276 Ut
1295 2246 1398 2286 itaque
1413 2255 1579 2293 corporung
1595 2246 1673 2288 A‘et
1691 2248 1729 2284 B,
1755 2248 1838 2280 inse
1850 2261 1924 2282 mu-

1089 2287 1145 2319 tuo
1161 2287 1284 2328 obiique
1298 2287 1503 2318 incidentium
1516 2293 1620 2318 motus
1634 2295 1705 2328 post
1725 2290 1824 2322 ictum
1837 2293 1924 2324 inve-

1084 2331 1217 2366 niantur,
1246 2336 1332 2360 mota
1346 2330 1498 2360 duntaxat
1521 2337 1802 2372 supponanturper
1826 2334 1924 2366 lineas

1086 2373 1120 2404 D
1139 2374 1165 2404 C
1181 2379 1212 2404 et
1228 2373 1258 2403 E
1277 2373 1314 2409 C,
1341 2372 1554 2403 velocitatibus
1579 2372 1612 2402 D
1639 2374 1664 2405 C
1681 2380 1712 2405 et
1728 2375 1758 2405 E
1777 2376 1813 2413 C,
1829 2384 1923 2418 atque

1132 2421 1216 2468 ΦΑ
1454 2418 1501 2464 D

1093 3180 1124 3210 in
1141 3179 1176 3210 ea
1191 3178 1351 3220 hypothesi
1366 3183 1541 3220 quaerantur
1565 3179 1629 3221 (52,
1646 3178 1670 3210 si
1684 3178 1801 3210 fuerint
1814 3178 1899 3210 eluti
