2086 3542
225 266 283 304 ‘12

630 260 1080 304 PHILOSOPHIAE
1110 258 1472 302 NATURALIS
1611 258 1807 310 [Ame.
1838 267 1935 300 ειη

226 382 402 418 tescunt:
434 382 576 432 utpote
597 374 692 418 cum
711 377 771 417 vis
791 375 870 432 qua
890 375 1053 431 pondus
1071 389 1100 430 p
1121 380 1241 431 urget
1263 373 1436 428 planum
1454 387 1483 427 p
1505 372 1561 423 Q,
1595 371 1647 413 sit
1666 371 1719 413 ad
1738 371 1834 422 vim,
1857 369 1938 426 qud

227 446 335 488 idem
358 446 421 488 vel
446 447 644 504 gravitate
664 446 735 488 sua
755 447 820 488 vel
845 447 929 488 ictu
954 445 1092 487 mallei
1115 443 1339 499 impellitur
1358 442 1583 484 secundum
1608 442 1759 484 lineam
1777 456 1806 496 p
1828 441 1877 482 H
1896 440 1938 481 in

226 518 362 572 plana,
384 525 430 559 ut
449 532 477 572 p
499 518 542 559 N
561 517 615 560 ad
633 533 661 573 p
685 519 733 560 H
740 533 751 568 3
782 525 905 573 atque
934 517 988 558 ad
1006 516 1102 567 vim,
1124 514 1204 571 quir
1224 521 1344 571 urget
1362 513 1533 569 planum
1561 512 1735 554 alterum
1753 526 1782 567 p
1805 511 1866 560 G;
1895 517 1940 551 ut

226 604 255 644 p
277 589 319 630 N
340 588 392 629 ad
414 589 457 630 N
478 588 540 630 H.
601 589 684 631 Sed
705 596 746 630 et
764 589 823 629 vis
846 587 1040 630 Cochleae
1058 600 1134 641 per
1153 585 1327 626 similem
1345 583 1494 625 virium
1520 582 1762 624 divisionem
1781 580 1941 637 colligi-

227 668 316 710 ταῖς
348 659 500 714 quippe
512 674 605 715 quae
620 674 772 701 cuneus
793 666 852 700 est
867 674 892 700 a
909 666 1024 699 vecte
1043 655 1252 711 impulsus.
1275 654 1318 710 (ἱ)
1362 654 1473 696 Usus
1487 653 1614 711 igitur
1629 651 1849 714 Corollarii
1861 650 1942 692 hu-

223 731 289 787 jus
304 728 497 770 latissime
515 736 640 784 patet,
669 737 710 771 et
727 727 809 770 late
828 728 1008 784 patendo
1027 726 1240 768 veritatem
1266 725 1351 780 ejus
1377 724 1542 774 evincit3
1572 722 1667 765 clim
1691 722 1870 778 pendeat
1888 734 1941 763 ex

225 803 311 858 jam
337 800 454 841 dictis
483 800 730 842 Mechanica
756 807 843 841 tota
867 800 920 841 ab
948 797 1199 841 Auctoribus
1225 793 1498 837 diversimode
1524 794 1811 838 demonstrata.
1873 792 1941 834 Ex

230 872 340 913 hisce
360 871 469 912 enim
488 869 607 912 facile
627 871 863 913 derivantur
882 871 987 912 viroe
1002 868 1308 917 Machinarum‚
1330 880 1424 922 quae
1449 879 1503 907 ex
1533 864 1664 914 Roas,
1699 862 1940 920 Tympanis,

231 941 460 992 Trochleis,
483 941 692 994 Vectibus,
714 942 848 985 nervis
868 941 991 983 tensis
1011 947 1052 982 et
1080 937 1334 995 ponderibus
1353 933 1507 977 directe
1527 934 1592 976 vel
1606 933 1771 989 oblique
1802 948 1943 977 ascen·

229 1012 432 1063 dentibus,
455 1012 691 1068 caeterisque
708 1012 901 1068 potentiis
923 1009 1178 1054 Mechanicis
1198 1007 1392 1062 componi
1412 1003 1557 1056 solent,
1578 1011 1625 1046 ut
1643 1011 1685 1046 et
1702 1003 1808 1049 vires
1828 1003 1944 1049 Ten·

231 1084 375 1125 dinum
395 1082 449 1124 ad
468 1082 706 1124 animalium
726 1098 816 1124 ossa
834 1081 1050 1123 movenda.

232 1198 317 1230 unde
331 1209 386 1239 per
400 1198 654 1238 compositionem
668 1198 824 1230 rationum
838 1197 896 1230 erit
913 1198 943 1229 A
962 1201 995 1236 ><
1015 1210 1039 1229 π·
1062 1211 1069 1230 :

230 1241 879 1281 p><⁴>r=n><pNzKO><pH,
905 1241 1073 1279 seuA=p

231 1287 362 1321 =n><
387 1282 750 1322 pNzKOXpH3
774 1283 1072 1322 etpzA-——KO

234 1330 269 1364 χ
289 1336 309 1366 p
328 1326 363 1356 H
381 1338 388 1356 ε
408 1335 430 1355 n
444 1329 477 1362 ><
495 1335 516 1364 p
532 1325 581 1363 N3
605 1323 737 1365 ideoque
752 1325 776 1355 si
791 1325 914 1364 pondus
927 1336 957 1366 p,
981 1324 1022 1355 sit
1031 1324 1072 1355 ad

233 1368 358 1408 pondus
368 1368 409 1405 A,
425 1367 460 1397 in
473 1367 593 1397 ratione
607 1377 678 1407 quae
692 1368 888 1407 componitur
902 1378 940 1398 ex
954 1368 1073 1398 ratione

234 1409 392 1450 reciproca
404 1409 606 1440 minimarum
617 1409 839 1445 distantiarum,
864 1420 895 1445 n,
919 1416 950 1441 et
974 1410 1008 1440 K
1026 1410 1070 1448 O,

226 1453 360 1483 ‘filorum
381 1461 511 1482 suorum
533 1461 555 1490 p
572 1451 614 1487 N,
642 1451 673 1481 A
700 1452 739 1482 M
766 1462 785 1481 a
805 1457 911 1482 centro
932 1458 1015 1487 rotae,
1040 1458 1072 1483 et

234 1496 353 1525 ratione
374 1493 487 1524 directz‘i
503 1504 525 1533 p
543 1494 588 1530 H,
605 1493 645 1524 ad
659 1504 680 1533 p
693 1494 734 1529 N,
758 1494 816 1524 erit
829 1493 1047 1535 aequilibrium.

279 1537 334 1578 (i)
358 1540 408 1568 49.
433 1535 534 1567 Cunei
549 1541 580 1566 et
594 1535 726 1566 cochleae
741 1535 819 1566 vires
833 1541 991 1577 totamque
1004 1536 1070 1567 fere

235 1579 447 1610 mechanicam
475 1577 559 1608 hisce
584 1578 823 1608 theorematibus
852 1578 1071 1609 demonstravit

239 1621 362 1653 Clariss.
388 1622 598 1660 Ver-ignonius.
648 1619 753 1656 Quam
768 1620 830 1651 late
846 1627 948 1659 pateat
963 1632 1071 1651 eorum

233 1677 307 1698 usus
319 1664 519 1697 manifestum
542 1671 588 1696 est
609 1675 647 1696 ex
668 1665 815 1705 praeclaro
829 1672 921 1705 opere
934 1666 1067 1698 Joannis

235 1709 389 1748 Alphonsi
416 1708 533 1739 Borelli
548 1708 587 1739 de
611 1708 748 1738 motibus
767 1708 959 1744 animalium,
983 1715 1014 1739 et
1029 1718 1066 1739 ex

1207 1215 1268 1262 A
1488 1215 1535 1260 D

1522 1459 1817 1639 W

1187 1647 1228 1694 R
1497 1650 1534 1696 C
1820 1643 1866 1693 E

1123 1693 1376 1746 ten-iadonentur,
1391 1708 1503 1750 globus
1517 1718 1571 1747 per
1586 1709 1616 1740 B
1634 1709 1677 1746 A,
1699 1715 1768 1749 post
1781 1709 1950 1749 impactum

1189 1418 1226 1468 h

233 1751 345 1788 variis,
368 1751 449 1781 inter
476 1761 553 1791 quas
586 1749 819 1781 Bernoullianae
847 1751 994 1787 eminent,
1029 1750 1068 1781 de

233 1793 447 1824 musculorum
481 1799 571 1823 motu
606 1792 883 1830 dissertationibus;
920 1793 974 1823 sed
1001 1794 1069 1823 haec

234 1835 334 1867 fusius
359 1835 501 1875 prosequi
526 1835 684 1874 praesentis
705 1844 770 1865 non
794 1841 841 1866 est
863 1834 997 1865 instituti
1004 1847 1013 1873 3
1035 1835 1069 1864 in

235 1878 376 1917 proximo
397 1877 513 1907 scholio
526 1877 741 1907 machinarum
762 1877 841 1907 vires
854 1877 990 1918 generali
1005 1887 1070 1907 me-

231 1920 371 1950 'chanicae
391 1919 544 1959 principio
566 1919 768 1949 determinare
783 1919 855 1950 satis
869 1919 942 1958 erit;
964 1926 1001 1950 ut
1015 1930 1071 1950 au-

236 1969 301 1993 tem
315 1972 352 1992 ea
365 1972 435 2002 quae
449 1962 538 1992 nobis
558 1961 741 1992 illustranda
761 1967 924 1992 occurrent
937 1962 971 1991 in
986 1961 1072 1992 meli-

238 2005 283 2035 ori
300 2004 418 2035 lumine
432 2003 630 2038 collocentur,
647 2004 806 2044 generales
819 2010 964 2034 motuum
978 2003 1071 2044 legeS,

238 2057 278 2077 ne
293 2045 412 2077 omissis
432 2045 559 2086 quidem
583 2045 822 2082 definitionibus,
845 2046 1075 2086 praemittendas

238 2099 302 2119 esse
312 2088 531 2128 judicavimus.

294 2129 362 2172 (k)
386 2131 586 2171 502.Corpus
610 2131 744 2170 perfecte
773 2131 933 2162 elasticum
953 2131 1074 2173 ⁴dicitur

241 2174 331 2215 cujus
346 2179 446 2212 partes
460 2183 498 2203 ex
513 2173 577 2204 ictu
598 2173 772 2210 flectuntur,
797 2185 852 2205 seu
866 2174 1072 2212 introcedunt‚

241 2223 273 2246 et
287 2214 398 2246 deinde
412 2215 520 2246 ealdem
541 2216 572 2246 vi
586 2215 648 2256 quai
662 2216 750 2246 flexae
772 2222 855 2253 sunt,
878 2226 943 2246 sese
964 2217 998 2246 in
1011 2217 1075 2255 pri-

242 2269 327 2288 orem
362 2264 478 2288 statum
512 2258 663 2289 contraria
698 2258 865 2289 directione
896 2259 1072 2290 restituunt.

246 2301 366 2341 Corpus
380 2300 557 2339 imperfecte
578 2300 739 2331 elasticum
760 2307 806 2331 est
820 2301 910 2342 cujus
923 2307 1024 2340 partes
1038 2311 1076 2331 ex

244 2343 309 2373 ictu
333 2342 420 2373 flexae
442 2343 476 2372 in
498 2343 629 2382 priorem
644 2343 770 2383 quidem
784 2349 900 2374 statum
914 2343 1013 2374 redire
1028 2343 1077 2373 ni-

245 2392 364 2421 tuntur,
387 2384 442 2415 sed
462 2385 575 2415 minori
594 2385 626 2415 vi
641 2385 677 2415 ea
690 2385 752 2426 quii
766 2385 853 2416 flexae
868 2392 950 2417 sunt.
1000 2386 1078 2417 Cor-

244 2438 303 2467 pus
317 2438 380 2458 non
395 2427 555 2458 elasticum
570 2434 696 2458 vocatur
710 2429 800 2469 cujus
813 2434 915 2468 partes
928 2428 993 2459 ictu
1007 2439 1077 2468 per-

246 2480 343 2500 cussae
359 2469 445 2500 nulla
457 2470 488 2499 vi
503 2480 568 2500 sese
579 2470 737 2500 restituere
752 2476 912 2502 conantur,
961 2471 1083 2511 Corpus

246 2523 347 2542 unum
362 2513 396 2542 in
416 2512 548 2542 alterum
569 2511 683 2543 directe
704 2513 876 2554 impingere
904 2513 1026 2550 dicitur,
1056 2514 1083 2544 si

247 2554 419 2585 secundum
433 2561 549 2585 rectam
559 2554 598 2585 ad
612 2561 789 2585 contactum
797 2555 1083 2595 perpendicularem

247 2597 414 2638 impingat;
436 2597 561 2637 oblique
582 2595 654 2627 vero
669 2597 694 2627 si
708 2597 880 2628 seeundum
905 2604 1020 2628 rectam
1042 2597 1084 2628 ad

248 2646 424 2670 contactum
446 2639 612 2680 obliquam.
662 2638 744 2670 cum
765 2649 893 2679 corpora
912 2640 947 2669 in
967 2650 1000 2670 se
1014 2650 1086 2670 mu-

250 2680 305 2711 tuo
320 2692 382 2711 non
397 2687 498 2722 agant,
521 2681 580 2711 nisi
601 2691 655 2720 per
675 2691 808 2712 massam
829 2687 860 2712 et
881 2681 1083 2717 velocitatem,

251 2729 400 2763 tanquam
414 2724 536 2754 axioma
550 2733 587 2754 ex
603 2723 724 2764 legibus
740 2723 778 2754 22
792 2730 824 2754 et
837 2723 878 2754 δὲ
892 2724 1087 2754 notissimum

252 2765 482 2806 innumerisque
516 2765 733 2796 confirmatum
769 2766 984 2805 experimentis
1012 2776 1086 2809 sup-

253 2807 397 2846 ponimus
411 2808 595 2848 quantitates
607 2808 712 2839 motfis
726 2808 858 2849 aequales
872 2813 903 2839 et
923 2807 1090 2839 contrarias

255 2849 287 2878 in
303 2849 446 2879 conffictu
461 2851 519 2880 sibi
533 2850 645 2881 mutuo
660 2850 864 2891 aequiponere.

297 2894 347 2922 51.
377 2892 408 2921 Si
430 2892 540 2931 globus
558 2893 599 2930 A,
620 2893 655 2924 in
669 2893 799 2933 planum
819 2892 976 2923 immobile
999 2893 1028 2924 B
1046 2893 1086 2929 E,

256 2933 400 2968 incurrat,
424 2934 571 2972 quaeritur
594 2935 678 2965 illius
699 2941 804 2966 motus
826 2941 897 2974 post
918 2935 1089 2974 impactum

258 2994 266 3001 .
277 2996 285 3004 .
299 2996 308 3004 .
321 2997 329 3004 .
353 2979 395 3004 10.
419 2975 538 3005 Globus
552 2976 604 3007 ille
618 2978 652 3007 in
666 2977 796 3016 planum
809 2976 923 3008 directe
937 2977 1090 3018 impingat

1125 1750 1236 1781 resiliet
1247 1748 1358 1780 eadem
1374 1750 1435 1788 quii
1450 1750 1572 1780 advenit
1586 1751 1740 1781 celeritate
1758 1752 1786 1781 B
1806 1753 1833 1782 A
1846 1763 1854 1782 ι
1877 1761 1950 1781 nam

1111 1797 1145 1826 in
1157 1797 1337 1836 ,corporibus
1345 1795 1479 1836 perfecte
1492 1795 1623 1826 elasticis
1634 1795 1704 1836 (50)
1719 1796 1766 1826 vis
1779 1793 1954 1826 restitutiva

1113 1839 1240 1879 aequalis
1261 1845 1307 1869 est
1327 1838 1357 1868 vi
1372 1838 1591 1877 compressivae,
1614 1837 1699 1868 unde
1718 1838 1744 1868 si
1771 1838 1951 1878 imperfecta

1112 1881 1209 1912 fuerit
1223 1881 1269 1911 vis
1283 1880 1413 1916 elastica,
1437 1880 1549 1920 globus
1568 1880 1682 1910 minori
1695 1880 1856 1911 velocitate
1873 1881 1903 1911 B
1916 1880 1950 1916 h.

1113 1923 1230 1954 resiliet
1244 1945 1252 1954 .
1267 1944 1292 1954 ..
1311 1945 1320 1953 .
1340 1927 1386 1954 20.
1409 1923 1530 1953 Globus
1544 1923 1584 1958 A,
1607 1922 1641 1952 in
1655 1922 1784 1962 planum
1801 1923 1830 1953 B
1842 1923 1882 1958 E,
1898 1932 1951 1952 ve·-

1114 1965 1238 1996 locitate
1253 1973 1284 1996 et
1298 1965 1465 1996 directione
1482 1965 1513 1995 A
1531 1965 1567 2001 C,
1591 1964 1715 2005 oblique
1734 1964 1897 2006 impingat,
1913 1964 1953 1995 il-

1115 2007 1179 2038 lius
1200 2014 1303 2038 motus
1328 2007 1497 2038 resolvatur
1517 2007 1553 2037 in
1579 2014 1684 2037 motus
1711 2007 1851 2038 laterales
1873 2017 1953 2048 quo-

1116 2060 1188 2080 rum
1210 2061 1293 2081 unus
1324 2051 1355 2080 A
1386 2050 1429 2085 D,
1453 2049 1493 2080 sit
1522 2049 1614 2088 plano
1645 2050 1675 2080 B
1702 2050 1742 2085 E,
1776 2049 1950 2088 parallelus,

1117 2092 1195 2123 alter
1209 2100 1314 2123 autem
1339 2093 1369 2123 A
1388 2093 1427 2128 B,
1451 2091 1552 2122 eidem
1575 2091 1669 2131 plano
1692 2091 1954 2131 perpendicularis

1119 2135 1201 2176 (37),
1225 2135 1337 2176 globus
1354 2135 1395 2170 A,
1417 2140 1507 2165 motu
1527 2133 1702 2164 secundum
1719 2134 1750 2164 A
1768 2134 1811 2170 D,
1834 2133 1874 2164 ad
1886 2133 1954 2173 pla-

1117 2187 1196 2208 num
1211 2187 1275 2207 non
1297 2177 1422 2212 accedit,
1446 2176 1501 2206 sed
1525 2175 1648 2207 tantum
1670 2181 1759 2207 motu
1781 2175 1955 2206 secundum

1118 2219 1403 2268 perpendicularem
1420 2219 1451 2249 A
1469 2219 1508 2254 B,
1531 2218 1580 2249 vel
1597 2219 1631 2249 D
1649 2219 1689 2257 C,
1712 2218 1857 2249 velocitas
1870 2217 1956 2267 globi

1117 2263 1358 2342 ἷὲῗξῖζυὲἒαέῐι
1367 2261 1480 2334 νῗτέἔί
1490 2267 1536 2334 eAt
1546 2259 1683 2339 &¹2:³ss
1695 2261 1956 2342 grpendixgffis

1120 2347 1161 2378 ad
1175 2346 1305 2386 planum
1322 2347 1351 2377 B
1369 2346 1410 2383 E,
1432 2345 1576 2376 velocitas
1595 2343 1658 2385 qui³
1670 2344 1712 2375 ad
1724 2344 1855 2384 planum
1868 2355 1955 2375 aece-

1121 2389 1216 2425 deret,
1232 2388 1311 2419 foret
1325 2394 1362 2420 ut
1379 2390 1406 2418 A
1427 2389 1472 2426 C;
1495 2386 1793 2428 ergocumimpetus
1815 2387 1955 2428 ejusdem

1121 2431 1256 2505 ffirp‘ssis
1277 2431 1310 2460 in
1334 2429 1557 2506 phendqffssffim
1574 2435 1618 2502 lul:
1639 2428 1816 2502 velocitgzteag
1843 2429 1958 2471 quibus

1232 2483 1310 2503 num
1323 2482 1376 2503 acc
1416 2482 1425 2502 1
1463 2481 1473 2501 1
1528 2481 1543 2501 s
1556 2481 1575 2501 o
1618 2481 1700 2512 quus
1713 2481 1745 2501 es
1826 2481 1957 2511 perpen-

1125 2485 1303 2552 diciilarem,
1330 2520 1367 2544 ut
1383 2514 1414 2544 A
1431 2514 1467 2550 13,
1484 2513 1525 2545 ad
1540 2513 1572 2544 A
1589 2513 1636 2552 C;
1659 2524 1714 2544 seu
1727 2513 1852 2553 sumpti
1868 2514 1899 2544 A
1917 2514 1955 2550 C,

1127 2561 1272 2596 tanquam
1283 2555 1378 2593 radio,
1390 2561 1426 2586 ut
1433 2555 1519 2586 sinus
1529 2556 1636 2597 anguli
1645 2556 1821 2589 incidentiae
1835 2557 1866 2589 A
1879 2557 1907 2590 C
1921 2559 1960 2595 B.

1126 2597 1166 2628 ad
1180 2598 1284 2627 sinum
1297 2603 1398 2628 totum
1412 2619 1519 2628 .....
1535 2597 1586 2628 30.
1636 2599 1668 2629 Si
1683 2599 1770 2631 nulla
1792 2599 1877 2631 sitin
1891 2610 1959 2631 cor.

1125 2639 1251 2680 poribus
1275 2643 1316 2676 A,
1343 2646 1374 2671 et
1398 2641 1426 2671 B
1443 2640 1484 2677 E,
1510 2640 1680 2677 elasticitas,
1706 2641 1818 2681 globus
1841 2643 1882 2679 A,
1904 2652 1960 2682 per

1128 2683 1160 2712 A
1179 2681 1215 2717 C,
1231 2682 1390 2713 incurrens
1403 2683 1575 2713 movebitur
1589 2689 1644 2722 per
1659 2684 1686 2715 C
1703 2684 1742 2718 E,
1759 2684 1912 2716 celeritate
1923 2691 1960 2717 ut

1129 2724 1156 2758 C
1173 2723 1202 2758 Ε
1218 2737 1263 2753 =
1280 2725 1309 2754 A
1328 2725 1382 2763 D;
1398 2735 1469 2755 nam
1484 2731 1587 2755 motus
1596 2725 1856 2766 perpendicularis
1872 2727 1903 2757 A
1916 2727 1956 2765 B,

1112 2765 1174 2796 vvel
1198 2766 1231 2796 D
1256 2766 1293 2803 C,
1319 2777 1356 2796 ex
1383 2766 1603 2803 demonstratis,
1631 2768 1832 2809 extinguitur,
1858 2779 1958 2800 rema-

1125 2814 1238 2851 netque
1259 2808 1380 2841 tantum
1402 2816 1506 2840 motus
1522 2810 1548 2840 C
1567 2810 1606 2845 Ε,
1629 2811 1679 2840 cui
1694 2811 1822 2849 planum
1837 2817 1873 2842 ut
1886 2811 1958 2851 pote

1124 2850 1305 2889 parallelum
1333 2861 1395 2881 non
1419 2851 1603 2892 opponitur;
1633 2852 1659 2882 si
1688 2852 1759 2883 νει-ὀ
1785 2854 1957 2893 perfeetum
2009 2870 2013 2873 ⁴

1122 2892 1397 2928 fueritelaterIum.
1409 2893 1519 2925 resiliet
1533 2894 1643 2935 globus
1650 2905 1706 2934 per
1719 2895 1745 2926 C
1759 2895 1793 2932 F,
1806 2895 1959 2927 celeritate

1127 2935 1153 2965 C
1168 2935 1195 2965 F
1204 2948 1250 2964 =
1265 2936 1294 2965 A
1308 2936 1344 2972 C,
1356 2941 1387 2966 et
1396 2935 1529 2985 angulus
1540 2935 1711 2968 reflexionis
1724 2937 1751 2968 F
1764 2938 1790 2968 C
1802 2938 1842 2974 E,
1855 2948 1958 2979 oequa·

1123 2976 1162 3007 lis
1176 2977 1231 3009 erit
1247 2978 1363 3021 angulo
1382 2978 1556 3018 inczdentize
1575 2979 1603 3009 A
1622 2979 1648 3011 C
1666 2980 1715 3018 B;
1739 2990 1810 3010 nam
1825 2990 1881 3020 per
1893 2980 1957 3011 vim

257 3027 311 3056 per
329 3019 358 3047 A
374 3018 417 3054 B;
440 3017 465 3047 si
477 3018 588 3058 globus
611 3026 642 3049 et
664 3020 793 3058 planum
808 3019 893 3050 omni
912 3019 1090 3050 elasticitate
1122 3019 1322 3050 restitutivam
1344 3020 1461 3051 elaterii
1482 3020 1578 3058 resilit
1597 3031 1651 3060 per
1672 3022 1842 3053 normalem
1866 3023 1893 3054 C
1909 3022 1953 3058 D.

257 3059 471 3094 destituantur,
495 3060 578 3100 globi
604 3068 707 3091 motus
732 3069 800 3100 post
815 3062 984 3101 impactum
997 3061 1031 3091 in
1048 3062 1088 3097 B,
1121 3061 1274 3093 celeritate
1298 3063 1324 3093 C
1345 3063 1382 3098 D,
1406 3073 1461 3093 seu
1485 3063 1513 3093 Β
1534 3065 1573 3100 A,
1596 3072 1627 3094 et
1642 3064 1787 3104 praeterea
1806 3070 1894 3096 motu
1914 3065 1955 3095 ad

258 3100 386 3132 omnino
409 3102 608 3142 extinguitur,
632 3102 704 3133 cum
727 3104 815 3135 nulla
835 3104 885 3134 vis·
900 3103 1030 3144 globum
1043 3114 1092 3134 re·
1120 3104 1249 3144 planum
1264 3105 1407 3147 parallelo
1422 3105 1615 3148 progreditur
1628 3117 1683 3146 per
1699 3108 1725 3138 C
1743 3107 1784 3144 E,
1799 3106 1952 3138 eeleritate

255 3143 351 3183 pellat
359 3155 370 3182 ς
391 3144 421 3186 si¹
433 3149 538 3175 autem
559 3144 689 3184 planum
710 3151 740 3176 et
754 3146 867 3187 globus
879 3146 1017 3186 pa‘fecto
1031 3147 1095 3179 ela-
1121 3153 1157 3178 ut
1168 3147 1194 3179 C
1207 3147 1236 3178 Ε
1247 3160 1293 3177 =
1306 3149 1335 3178 A
1351 3148 1395 3186 D,
1407 3146 1481 3189 ergo
1493 3148 1757 3191 motusscomposito
1770 3147 1901 3191 (eorou.
1918 3152 1943 3180 1.
