2086 3542
233 242 261 278 4
649 230 1099 274 PHILOSOPHIAE
1136 230 1175 271 N
1178 231 1495 277 ATURALIS
1713 236 1950 287 [Dmmr.

226 349 276 391 it:
307 347 379 389 sed
397 354 532 389 motus
551 354 593 388 et
612 346 738 403 quies,
770 346 830 386 uti
851 345 977 402 vulgo
998 344 1298 400 concipiuntur,
1329 355 1517 402 respectu
1536 348 1624 390 solo
1644 349 1950 408 distinguuntur

227 419 280 462 ab
299 418 490 469 invicem3
520 432 655 474 neque
673 430 834 472 semper
853 415 948 458 vere
968 415 1182 472 quiescunt
1210 430 1303 472 quae
1331 417 1457 476 vulgo
1485 426 1682 476 tanquam
1701 421 1952 478 quiescentia

228 496 473 546 spectantur.

823 623 1153 667 DEFINITIO
1183 625 1262 667 1v.
1293 626 1355 681 (e)

233 728 302 771 Vis
317 727 501 782 impressa
515 732 571 768 est
584 725 689 768 actio
703 725 746 766 in
760 737 896 778 corpus
910 723 1095 773 eoeercita,
1110 723 1166 763 acl
1178 723 1402 764 mutandum
1409 722 1488 777 ejus
1501 729 1643 766 statum
1657 725 1717 767 vel
1730 726 1948 780 quiescenda

672 796 734 837 vel
752 794 935 838 movandi
953 793 1200 849 unfirmiter
1220 794 1264 834 in
1283 794 1482 835 directum.

283 894 479 938 Consistit
520 893 612 935 haec
641 893 702 934 vis
731 892 777 933 in
807 891 969 934 actione
1006 888 1106 941 sola,
1137 904 1272 946 neque
1303 897 1398 945 post
1426 890 1630 932 actionem
1658 899 1875 946 permanet
1901 892 1946 934 in

225 981 410 1022 corpore.
472 965 711 1008 Perseverat
728 963 839 1006 enim
859 976 1008 1018 corpus
1026 961 1071 1001 in
1090 968 1197 1002 statu
1226 961 1341 1001 omni
1366 975 1475 1002 novo
1494 975 1570 1018 per
1589 961 1719 1003 solam
1737 963 1822 1003 vim
1840 963 1960 1005 iuer--

224 1038 306 1080 tiae.
367 1037 442 1078 Est
472 1044 610 1078 autem
643 1035 703 1076 vis
732 1034 929 1090 impressa
962 1032 1215 1074 diversarum
1244 1031 1466 1088 originum,
1497 1039 1544 1073 ut
1563 1046 1617 1074 ex
1635 1033 1733 1084 ictu,
1763 1047 1818 1075 ex
1835 1047 1951 1089 pres-

224 1109 351 1162 sione,
382 1123 435 1150 ex
453 1108 495 1150 vi
514 1104 752 1162 centripeta.

879 1238 1213 1282 DEFINITIO
1243 1238 1296 1282 V.

229 1341 298 1384 Vis
320 1340 548 1394 Centripeta
568 1343 636 1388 est,
667 1335 745 1391 qud
764 1349 930 1390 corpora
949 1349 1078 1378 versus
1099 1341 1287 1390 punctum
1306 1335 1469 1390 aliquod
1486 1342 1672 1391 tanquam
1691 1339 1749 1380 ad
1768 1340 1949 1382 Centrum

478 1409 648 1463 undique
666 1408 890 1457 trahuntur,
912 1407 1178 1461 impelluntur,
1200 1406 1262 1448 vel
1279 1411 1468 1461 utcunque
1485 1409 1663 1450 tendunt.

243 1532 247 1536 .
281 1509 421 1564 Hujus
452 1506 613 1564 generis
647 1512 708 1546 est
741 1504 946 1556 Gravitas,
978 1503 1060 1560 qua
1089 1518 1266 1559 corpora
1294 1503 1471 1546 tendunt
1504 1504 1559 1546 ad
1589 1511 1778 1547 centrum
1810 1513 1950 1558 terrae3

223 1580 298 1622 Vis
319 1578 572 1636 Magnetica,
604 1575 685 1633 qua
714 1574 869 1616 ferrum
897 1574 1002 1630 petit
1028 1581 1281 1631 magnetem3
1312 1581 1354 1615 et
1382 1574 1457 1616 Vis
1475 1574 1561 1627 illa,
1591 1590 1849 1634 quaecunque
1883 1577 1948 1630 sit,

221 1650 302 1707 qua
323 1650 508 1692 Planetae
526 1654 729 1704 perpetuo
748 1644 1014 1687 retrahuntur
1033 1660 1059 1686 a
1077 1644 1257 1686 motibus
1285 1644 1517 1698 rectilineis,
1548 1653 1590 1687 et
1617 1646 1662 1688 in
1680 1647 1798 1689 lineis
1817 1648 1952 1690 curvis

221 1721 375 1763 revolvi
406 1726 623 1777 coguntur.
695 1717 835 1773 Lapis,
877 1716 922 1758 in
951 1715 1082 1757 funda
1114 1715 1396 1767 circumactus,
1427 1731 1454 1757 a
1486 1716 1791 1775 circumagente
1821 1719 1973 1761 manu

220 1793 335 1834 abire
354 1798 544 1841 conatur3
575 1796 617 1830 et
635 1795 786 1830 conatu
806 1802 880 1829 suo
907 1786 1081 1828 fundam
1110 1785 1317 1838 distendit,
1349 1801 1480 1843 eoque
1510 1787 1655 1829 fortius
1675 1804 1758 1846 quo
1778 1791 1950 1833 celerius

221 1863 461 1913 revolvitur3
492 1867 533 1902 et
552 1859 859 1917 quamprimum
892 1857 1125 1909 dimittitur,
1155 1857 1304 1899 avolat.
1363 1857 1462 1901 Vim
1493 1859 1663 1901 conatui
1695 1860 1757 1902 illi
1785 1868 1950 1904 contra-

219 1934 337 1986 riam,
369 1931 450 1990 qua
478 1931 609 1973 funda
638 1929 819 1986 lapidem
847 1928 891 1970 in
922 1942 1091 1970 manum
1122 1926 1324 1984 perpetuo
1352 1928 1525 1971 retrahit
1543 1937 1584 1972 et
1602 1930 1646 1971 in
1665 1931 1767 1974 orbe
1785 1933 1950 1984 retinet,

220 2004 417 2061 quoniam
447 2003 492 2044 in
530 2015 700 2044 manum
734 2015 810 2042 ceu
840 1999 952 2042 orbis
983 2008 1169 2042 centrum
1201 1999 1404 2057 dirigitur,
1448 2001 1731 2058 Centripetam
1769 2004 1954 2060 appello.-

222 2074 278 2117 Et
295 2090 372 2131 par
392 2082 453 2116 est
471 2073 577 2115 ratio
597 2070 655 2124 (f)
678 2086 900 2128 corporum
920 2071 1119 2122 omnium,
1151 2085 1245 2127 quae
1275 2071 1320 2112 in
1347 2086 1498 2129 gyrum
1527 2080 1718 2131 aguntur.
1780 2075 1949 2118 Conan-

219 2154 287 2187 tur
307 2161 356 2188 ea
374 2145 515 2187 omnia
543 2160 570 2186 a
598 2143 747 2185 centris
779 2142 943 2184 orbium
977 2142 1187 2192 recedere3
1218 2149 1260 2184 et
1289 2142 1368 2184 nisi
1399 2143 1506 2184 adsit
1535 2144 1595 2185 vis
1624 2145 1762 2202 aliqua
1781 2146 1950 2189 conatui

218 2217 284 2258 isti
314 2216 532 2267 contraria,
565 2214 646 2272 qua
673 2214 942 2256 cohibeantur
973 2220 1014 2255 et
1041 2213 1086 2254 in
1116 2213 1285 2255 orbibus
1318 2213 1583 2266 retineantur,
1615 2230 1822 2275 quamque
1853 2217 1948 2260 ideo

222 2287 504 2343 Centripetam
535 2285 714 2341 appello,
745 2285 918 2327 abibunt
946 2285 990 2325 in
1020 2285 1142 2326 rectis
1172 2284 1290 2326 lineis
1319 2284 1513 2327 uniformi
1533 2300 1628 2328 cum
1646 2294 1777 2332 motu.
1839 2288 1945 2331 Pro-

212 2358 363 2412 jectile,
395 2358 429 2399 si
449 2358 489 2399 vi
511 2356 735 2400 Gravitatis
769 2356 1069 2408 destitueretur,
1100 2371 1186 2397 non
1217 2355 1501 2398 deflecteretur
1527 2357 1573 2399 in
1601 2365 1766 2411 terram,
1798 2359 1871 2402 sed
1898 2361 1944 2402 in

217 2429 324 2471 linea
355 2427 467 2471 recta
498 2427 630 2470 abiret
658 2427 703 2469 in
736 2427 879 2477 coelos;
908 2427 1034 2484 idque
1056 2426 1250 2469 uniformi
1283 2442 1378 2469 cum
1397 2435 1526 2479 motu,
1557 2428 1591 2469 si
1609 2428 1737 2472 modo
1755 2431 1861 2473 ae‘ris
1879 2445 1947 2474 re-

219 2499 399 2541 sistentia
417 2499 641 2541 tolleretur.
703 2497 784 2540 Per
813 2498 1056 2556 gravitatem
1086 2513 1201 2539 suam
1229 2497 1450 2539 retrahitur
1468 2513 1494 2539 a
1513 2507 1634 2541 cu'rsu
1663 2501 1875 2544 rectilineo
1903 2510 1946 2546 et

220 2570 261 2611 in
281 2578 433 2612 terram
461 2567 662 2627 perpetuo
692 2568 881 2620 flectitur,
911 2569 1037 2625 idque
1066 2569 1197 2626 magis
1227 2569 1292 2610 vel
1323 2569 1458 2611 minus
1485 2584 1564 2625 pro
1592 2573 1791 2628 gravitate
1810 2574 1882 2617 sua
1902 2585 1945 2617 et

219 2641 431 2683 velocitate
450 2648 597 2683 motus.
658 2639 756 2689 Quo
776 2640 912 2681 minor
925 2639 1053 2681 >fuerit
1084 2640 1169 2696 ejus
1196 2640 1373 2698 gravitas
1401 2655 1480 2696 pro
1499 2643 1725 2698 quantitate
1742 2645 1941 2698 materiae,

219 2712 283 2753 vel
302 2714 432 2769 major
460 2711 651 2754 velocitas
671 2709 848 2767 quacum
878 2710 1104 2766 projicitur,
1135 2725 1187 2753 eo
1211 2711 1348 2753 minus
1376 2711 1555 2754 deviabit
1585 2728 1611 2755 a
1638 2726 1761 2758 cursu
1789 2717 1940 2760 rectili-

220 2819 342 2860 plicata.
389 2820 565 2861 Major-ibus
584 2819 680 2851 etiam
693 2818 917 2850 mutationibus
932 2829 1060 2859 corpora
1101 2819 1190 2850 illam
1204 2819 1358 2851 actionem
1371 2826 1494 2861 recepto
1507 2829 1679 2861 perseverat
1694 2824 1761 2856 sola
1775 2825 1807 2857 vi
1820 2825 1940 2860 inertia

219 2862 318 2903 magis
328 2861 473 2892 resistunt
483 2873 578 2903 quam
586 2861 767 2898 minoribus,
779 2861 1059 2903 estquereaistentia
1101 2861 1228 2902 passiva,
1252 2861 1314 2903 qua
1337 2862 1374 2894 fit
1396 2869 1433 2894 ut
1457 2863 1523 2894 sine
1537 2865 1618 2895 novi
1631 2866 1661 2896 vi
1675 2868 1802 2899 externa
1823 2875 1941 2902 starum

219 2904 348 2936 actualis
362 2905 570 2953 magnitudini
584 2904 764 2936 mutationis
777 2904 1022 2944 proportionalis.
1101 2915 1195 2935 suum
1215 2910 1337 2936 mutare
1359 2905 1447 2936 nulla
1471 2905 1587 2938 ratione
1609 2908 1719 2948 possit;
1748 2910 1888 2953 adeoque
1912 2912 1939 2944 si

263 2946 308 2989 (Θ)
333 2951 361 2978 9.
388 2946 477 2995 Nun!
500 2946 535 2977 fit
558 2947 625 2977 sine
648 2946 759 2997 caus&
782 2945 867 2997 unde
881 2956 974 2977 omne
989 2956 1057 2977 cor·
1100 2946 1196 2978 semel
1209 2954 1374 2997 ‘movetun
1407 2948 1464 2979 sibi
1492 2949 1644 2986 relictum,
1671 2953 1821 2992 perpetui)
1846 2960 1940 2997 atqu,

219 2998 278 3029 pus
302 2995 339 3020 ut
361 2988 431 3028 pote
444 2998 526 3019 mers
546 2994 578 3020 et
598 2999 754 3028 passivum
775 2989 825 3032 (8)
842 2999 876 3023 m
898 2999 956 3020 suo
980 2998 1057 3030 quo-
1100 2989 1288 3030 aequabnhter
1310 3000 1365 3030 per
1389 2989 1504 3022 lineam
1528 2998 1643 3023 rectam
1665 2995 1848 3033 movebitur,
1883 3006 1940 3029 mu

218 3041 353 3080 eramque
376 3037 458 3062 statu
483 3037 659 3070 perseverat,
683 3032 742 3062 nisi
757 3031 848 3063 eausa
862 3030 976 3093 aliqua,
1001 3042 1055 3084 seu
1099 3031 1272 3105 secungum
1307 3031 1507 3107 {ig-estmagni
1542 3034 1607 3084 qua·
1638 3035 1810 3085 impulsum
1843 3038 1940 3071 fuerit

186 3125 190 3130 -
217 3073 535 3157 ζεῗιῖἓίᾭᾚζζῖἔὲ
545 3080 1056 3158 fflsstsffcssffzgifftffipfgss
1097 3080 1195 3149 ἓνὶἒ*
1238 3085 1310 3106 ‘¹¹⁰'
1350 3085 1368 3106 ²
1382 3085 1426 3113 ω’
1473 3086 1528 3107 ¹²¹⁰
1549 3083 1629 3108 ’Μ’
1649 3089 1695 3109 ”⁵
1716 3087 1851 3112 ‘¹²²⁸‘oe
1871 3091 1937 3113 ⁰⁹⁸·

217 3168 272 3189 seu
287 3159 367 3190 actio
380 3163 481 3189 mutat
494 3157 622 3198 quidem
635 3159 770 3197 corporis
780 3165 904 3195 statum,
921 3158 975 3190 sed
989 3169 1054 3190 ces-
1140 3159 1179 3201 (f)
1211 3163 1259 3191 10.
1281 3158 1364 3191 etun
1386 3160 1468 3191 linea
1496 3162 1614 3202 qumvis
1636 3173 1730 3195 curva
1752 3165 1939 3198 considerati

217 3208 303 3233 sante
316 3200 400 3232 illius
413 3200 458 3231 vis
473 3200 600 3234 actione.
627 3209 738 3231 cornus
758 3201 793 3232 in
814 3212 894 3233 novo
905 3207 986 3233 statu
1001 3211 1055 3242 per
1096 3201 1192 3242 possit
1205 3207 1355 3244 tauquam
1368 3203 1571 3245 polygonum,
1592 3215 1630 3236 ex
1644 3205 1775 3239 infinitis
1794 3217 1938 3246 munere,
