2158 3562
299 233 357 276 xii
614 281 618 286 ,
977 229 1326 274 PRAEFATIO·

291 346 459 398 bendas,
482 346 540 409 ad
555 355 692 390 motus
712 360 935 403 corporum
953 346 1137 402 plurium
1155 346 1263 388 inter
1283 360 1340 396 se,
1370 344 1426 388 ad
1453 352 1591 391 motus
1610 360 1834 404 corporum
1852 348 1896 390 in
1915 361 2002 390 me-

288 419 369 462 diis
388 419 686 470 resistentibus,
709 418 765 461 ad
782 420 903 469 vires,
926 418 1149 460 densitates
1169 425 1211 460 et
1229 425 1366 459 motus
1386 416 1632 468 mediorum,
1654 418 1709 460 ad
1727 418 1850 462 orbes
1865 434 2002 463 come-

288 499 426 533 tarum
445 498 487 533 et
515 490 663 532 similia
691 497 891 546 spectant,
928 489 1153 531 editionem
1185 489 1230 530 in
1264 488 1379 531 aliud
1410 496 1574 546 tempus
1609 488 1880 533 differendam
1913 506 2004 533 esse

287 562 444 619 putavi,
475 570 523 604 ut
548 569 703 604 caetera
729 561 902 603 rimarer
932 568 974 602 et
998 559 1082 602 unu
1107 561 1152 602 in
1179 559 1395 616 publicum
1424 559 1591 619 darem„
1639 559 1749 609 Quae
1783 561 1838 604 ad
1866 570 2004 604 motus

286 635 454 678 lunares
475 643 663 691 spectant
684 633 941 691 (imperfecta
960 648 1056 676 cum
1075 633 1174 686 sint)
1194 633 1240 675 in
1256 632 1498 674 Corollariis
1515 632 1821 688 Propositionis
1837 633 2004 676 LXVI.

290 707 416 751 simul
435 707 677 762 complexus
689 711 804 756 sum,
824 720 878 747 ne
899 704 1062 762 singula
1080 703 1281 746 methodo
1309 703 1538 759 prolixiore
1561 718 1686 760 quam
1714 719 1793 760 pro
1822 705 1885 747 rei
1912 705 2005 762 dig·
2067 760 2069 764 ι

289 779 420 820 nitate
437 792 686 833 proponere,
708 785 751 819 et
770 776 978 834 sigillatim
999 776 1282 818 demonstrare
1302 783 1479 827 tenerer,
1508 782 1550 819 et
1578 776 1727 820 seriem
1753 776 2006 833 reliquarum

290 849 623 906 propositionum
642 849 955 903 interrumpere.
1015 847 1231 890 Nonnulla
1250 847 1344 891 sero
1363 848 1531 891 inventa
1549 847 1651 890 locis
1678 847 1818 892 minus
1845 848 2006 893 idoneis

290 914 473 965 inserere
491 923 634 973 malui,
657 937 782 978 quam
793 923 1022 969 humerum
1039 921 1373 979 propositionum
1392 928 1434 963 et
1463 920 1676 962 citationes
1708 928 1888 964 mutare.-
1944 920 2008 965 Ut

291 995 432 1036 omnia
451 993 626 1036 candide
645 994 838 1051 legantur
858 1000 899 1035 et
919 992 1101 1036 desectus
1120 993 1164 1034 in
1183 991 1357 1036 materie
1374 1000 1461 1035 tam
1480 992 1637 1034 difficili
1655 1006 1742 1033 non
1761 999 1848 1035 tam
1866 1005 2008 1048 repre·-

289 1066 510 1118 hendatur,
534 1081 658 1123 quam
677 1066 795 1108 novis
815 1065 1018 1108 lectorum
1047 1066 1261 1109 conatibus
1291 1066 1604 1125 investigentur,
1635 1073 1678 1109 et
1699 1065 1880 1123 benigne
1910 1080 2008 1121 sup-

290 1137 496 1193 pleantur,
519 1136 640 1179 enixe
661 1151 777 1193 rogo.

421 1295 547 1327 Dabam
564 1293 774 1333 cantabrigiae,
790 1303 807 1324 e
823 1293 947 1333 c'ollegio
955 1296 987 1328 S,
1014 1293 1187 1331 muscam,

673 1350 753 1381 Maii
768 1352 798 1380 8.
819 1351 911 1380 1686.

1623 1518 1688 1561 IS.
1709 1517 2008 1565 NEWTON.

1070 1645 1239 1668 ...ο-

754 1753 780 1774 s‘
824 1746 1141 1796 AUCT'ORIS
1174 1745 1517 1793 PRAEFATIO

1134 1861 1171 1884 ΙΝ

627 1904 1138 1988 EDITIONEM
1190 1930 1679 1983 SECUNDAM.

1058 2059 1245 2074 “mm

303 2183 376 2242 In
396 2199 478 2242 huc
499 2196 679 2241 secund&
698 2197 1007 2253 Principiorum
1022 2197 1205 2238 editione
1222 2196 1354 2238 multa
1368 2194 1543 2252 sparsim
1557 2193 1843 2243 emendantur,
1860 2199 1902 2234 et
1914 2205 2021 2234 non·

300 2272 417 2315 nulla
447 2271 710 2327 adjiciuntur.
771 2269 824 2311 In
855 2270 975 2312 Libri
1005 2270 1138 2312 Primi
1160 2271 1353 2312 sectione
1374 2269 1434 2312 ΙΙ.
1464 2267 1648 2310 inventio
1675 2265 1838 2315 virium,
1872 2264 2023 2321 quibus

301 2358 479 2400 corpora
497 2343 543 2384 in
563 2343 734 2384 orbibus
754 2342 861 2384 datis
880 2342 1038 2384 revolvi
1056 2342 1229 2398 possint,
1261 2341 1421 2383 facilior
1448 2340 1638 2383 redditur
1658 2345 1701 2380 et
1721 2337 1910 2392 amplior.
1971 2336 2024 2379 In

303 2417 425 2459 Libri
448 2415 632 2458 Secundi
653 2415 846 2458 Sectione
865 2414 970 2457 VII.
990 2414 1153 2457 theoria
1175 2413 1420 2460 resistentiae
1444 2410 1670 2453 fluidorum
1699 2407 1932 2451 accuratius
1961 2409 2026 2452 in·-

266 2472 273 2479 x
304 2489 544 2546 vestigatur,
567 2495 609 2530 et
627 2486 746 2530 novis
767 2487 1060 2543 experimentis
1077 2487 1358 2528 confirmatur.
1374 2483 1428 2525 In
1438 2480 1571 2524 Libro
1582 2479 1727 2523 Tertio
1742 2480 1904 2523 theoria
1914 2481 2026 2524 lunae

305 2568 347 2603 et
362 2560 589 2618 praecessio
608 2560 952 2618 aequinoctiorum
972 2573 1025 2602 ex
1044 2557 1261 2615 principiis
1280 2556 1365 2599 suis
1383 2553 1549 2612 plenius
1570 2553 1848 2605 deducuntur,
1874 2562 1917 2597 et
1935 2554 2031 2598 the-

306 2634 395 2675 oria
416 2641 671 2678 cometarum
689 2632 881 2689 pluribus·
901 2639 943 2675 et
968 2628 1203 2675 accuratius
1231 2628 1479 2686 computatis
1507 2627 1672 2671 orbium
1697 2626 1900 2685 exemplis
1928 2641 2028 2671 con·-

308 2706 511 2749 firmatur.

437 2900 564 2932 Dabam
578 2901 722 2938 Londini,
740 2900 825 2933 Mar.
844 2902 895 2931 28.
917 2901 1008 2932 1713.

1633 3091 1710 3135 IS..
1734 3090 2030 3135 NEWTON.
