2086 3542
249 261 331 298 428

338 379 478 412 PROP.
499 379 559 410 LI.
603 378 787 410 THEOR.
806 378 949 410 XVIII.

250 438 283 470 Si
297 437 343 468 vis
356 437 525 476 centripeta
549 436 680 467 tendens
702 435 838 476 undique
858 435 899 466 ad
914 435 999 476 globi

290 485 431 511 centrum
450 480 476 510 C
492 480 531 509 sit
545 479 576 508 in
593 479 668 509 locis
687 478 818 518 singulis
831 484 867 509 ut
881 478 999 508 distan-

289 523 333 553 tia
357 522 417 552 loci
439 522 588 562 cujusque
610 531 629 551 a
650 526 756 551 centro
770 526 802 551 et
816 519 875 550 hac
889 520 954 550 sola
969 520 999 549 vi

290 571 401 605 agente
428 573 540 603 corpus
564 563 594 594 T
617 563 773 594 oscilletur
799 562 907 604 (modo
931 562 998 603 jam

289 606 456 645 descripto)
471 607 504 635 in
519 605 682 645 perimetro
695 604 840 645 cycloidis
858 605 891 639 Q
906 605 937 634 R
954 605 994 634 S:

289 649 360 679 dico
383 648 468 689 quod
489 647 715 679 oscillationum
737 653 895 686 utcunque
917 646 995 676 inae-

289 690 430 732 qualium
444 689 573 732 aequalia
586 696 677 720 erunt
691 695 829 728 tempora
830 709 995 719 ............

314 763 454 794 PROP.
473 762 555 794 LII.
597 760 771 793 PROBL.
791 760 963 792 XXXIV.

257 818 400 850 Definire
414 823 445 848 et
460 817 634 848 velocitates
655 816 863 856 pendulorum
877 816 910 845 in
925 815 999 846 locis

290 860 422 901 singulis
443 866 474 890 et
494 866 635 898 tempora
656 859 770 899 quibus
795 858 999 889 oscillationes

289 909 373 938 totae,
398 909 469 933 tum
491 902 625 942 singulae
647 901 873 931 oscillationum
897 907 998 939 partes

289 950 481 986 peraguntur
481 963 995 975 .....................................

315 1017 453 1048 PROP.
475 1015 578 1047 LIII.
626 1015 800 1047 PROBL.
821 1015 972 1046 XXXV.

251 1074 411 1106 Concessis
425 1073 597 1114 figurarum
611 1072 850 1103 curvilinearum
865 1072 996 1113 quadra-

289 1116 377 1153 turis,
407 1115 546 1145 invenire
573 1115 653 1145 vires
680 1114 792 1155 quibus
815 1125 941 1154 corpora
963 1114 998 1144 in

289 1158 369 1188 datis
397 1157 498 1188 curvis
527 1157 617 1187 lineis
646 1156 851 1188 oscillationes
879 1166 999 1196 semper

294 1200 470 1231 isochronas
484 1204 640 1240 peragent.
647 1220 996 1231 .........................

312 1270 453 1302 PROP.
470 1270 564 1301 LIV.
592 1269 764 1301 PROBL.
780 1269 953 1301 XXXVI.

254 1328 416 1360 Concessis
448 1328 619 1368 figurarum
654 1326 893 1357 curvilinearum
921 1336 999 1367 qua-

289 1370 432 1408 draturis,
449 1370 587 1400 invenire
599 1376 739 1408 tempora
751 1369 864 1409 quibus
872 1378 1000 1408 corpora

289 1413 319 1442 vi
334 1413 470 1453 quiilibet
485 1411 653 1450 centn‘peta
663 1411 696 1441 in
707 1411 796 1441 lineis
806 1411 999 1452 quibuscun-

291 1465 352 1495 que
366 1455 476 1491 curvis,
499 1455 531 1484 in
547 1454 642 1493 plano
655 1463 710 1493 per
724 1459 865 1484 centrum
886 1453 999 1483 virium

288 1503 465 1527 transeunte
475 1496 642 1535 descriptis,
656 1495 842 1526 descendent
852 1501 884 1526 et
894 1505 999 1526 ascen-

291 1539 366 1570 dent
368 1559 997 1570 .............................................

373 1609 510 1641 PROP.
529 1609 602 1640 LV.
651 1608 830 1640 THEOR.
850 1608 953 1639 XIX.

251 1664 284 1696 Si
298 1675 410 1705 corpus
424 1670 567 1695 movetur
582 1665 614 1694 in
629 1664 791 1704 superficie
812 1662 1000 1704 quacunque

289 1707 394 1745 curva,
422 1708 511 1748 cujus
539 1707 604 1737 axis
631 1717 687 1746 per
715 1712 858 1737 centrum
887 1706 1000 1736 virium

289 1751 408 1787 transit,
434 1756 466 1780 et
480 1760 498 1779 a
512 1759 638 1788 corpore
659 1749 693 1779 in
715 1759 804 1779 axem
819 1748 1002 1779 demittatur

290 1791 557 1831 perpendicularis,
575 1791 667 1831 eique
678 1791 824 1830 parallela
832 1797 864 1820 et
875 1790 1002 1831 aequalis

290 1836 330 1864 ab
345 1834 409 1864 axis
424 1840 539 1873 puncto
553 1834 662 1873 quovis
675 1833 748 1863 dato
760 1833 909 1863 ducatur:
929 1832 1000 1863 dico

289 1875 374 1916 quod
383 1876 528 1915 parallela
537 1876 592 1905 illa
602 1885 705 1906 aream
722 1874 855 1913 tempori
870 1883 999 1913 propor-

290 1918 436 1948 tionalem
452 1916 610 1947 describet.
617 1935 996 1947 ............................

297 1982 436 2020 PROP.
457 1988 550 2019 LVI.
593 1986 765 2018 PROBL.
786 1985 983 2017 XXXVII.

252 2043 411 2075 Concessis
426 2043 596 2084 figurarum
612 2041 851 2073 curvilinearum
866 2040 999 2081 quadra-

291 2086 376 2121 turis,
390 2085 529 2125 datisque
542 2092 612 2115 tum
625 2085 695 2124 lege
709 2084 756 2114 vis
770 2083 946 2122 centripetae
959 2082 1001 2114 ad

291 2134 432 2160 centrum
448 2128 557 2158 datum
572 2126 736 2162 tendentis,
753 2131 821 2156 tum
837 2125 999 2164 superficie

1016 355 1066 379 rag.

1019 691 1081 719 288

1020 945 1082 974 290

1020 1176 1095 1231 295*

1022 1541 1084 1569 800

1021 1917 1082 1946 302

291 2170 386 2201 curva
399 2170 492 2210 cuj‘us
505 2170 571 2200 axis
585 2179 639 2208 per
653 2174 795 2199 centrum
816 2168 895 2198 illud
917 2173 1000 2198 tran·
1045 2166 1050 2171 ’

292 2213 351 2251 sit;
376 2211 559 2242 invenienda
574 2218 619 2241 est
634 2210 804 2251 trajectoria
825 2220 918 2251 quam
933 2219 999 2239 cor-

291 2265 351 2294 pus
365 2254 398 2284 in
413 2254 521 2285 eadem
532 2253 692 2292 superficie
703 2252 862 2290 describet,
879 2252 999 2282 deloco

292 2297 372 2333 dato,
386 2296 458 2327 data
469 2307 543 2327 cum
554 2296 723 2332 velocitate,
740 2294 863 2325 versum
874 2294 999 2335 plagam

293 2340 327 2369 in
341 2339 501 2378 superficie
516 2338 570 2369 illa
584 2338 688 2369 datam
703 2347 861 2378 egressum
863 2357 993 2368 ..........
1018 2339 1082 2367 304

347 2404 488 2441 PROP.
508 2408 624 2440 LVII.
666 2407 847 2439 THEOR.
864 2407 944 2437 XX.

255 2467 392 2506 Corpora
417 2465 480 2496 duo
502 2477 534 2496 se
555 2465 688 2496 invicem
710 2464 862 2495 trahentia
886 2463 999 2495 descri-

292 2511 379 2544 bunt,
397 2515 427 2539 et
442 2507 558 2538 circum
566 2517 730 2538 commune
741 2513 881 2537 centrum
896 2506 996 2547 gravi-

292 2551 372 2589 tatis,
397 2557 427 2581 et
438 2550 555 2581 circum
569 2560 601 2581 se
615 2547 726 2580 mutuo
741 2549 856 2590 figuras
870 2549 993 2579 similes.
1017 2551 1075 2579 311

310 2621 450 2653 PROP.
469 2621 605 2653 LVIII.
654 2619 834 2651 THEOR.
855 2619 958 2650 XXI.

255 2678 288 2708 Si
303 2687 429 2718 corpora
450 2679 513 2708 duo
531 2677 647 2708 viribus
667 2677 826 2718 quibusvis
840 2687 872 2707 se
885 2675 997 2707 mutuo

293 2721 360 2750 trah
365 2726 429 2757 unt,
451 2726 482 2750 et
495 2720 611 2750 interea
625 2719 824 2750 revolvuntur
838 2718 917 2749 circa
927 2728 997 2759 gra-

294 2762 395 2792 vitatis
422 2769 564 2792 centrum
593 2771 776 2792 commune:
814 2760 885 2792 dico
913 2759 997 2802 quod

294 2804 412 2844 figuris,
435 2814 510 2844 quas
525 2813 651 2843 corpora
665 2804 708 2834 sic
722 2809 806 2834 mota
820 2803 998 2833 describunt

296 2846 413 2876 circum
439 2857 471 2877 se
494 2845 616 2882 mutuo,
641 2851 740 2886 potest
764 2845 864 2887 figura
889 2844 998 2875 similis

295 2894 326 2917 ct
355 2889 491 2928 oequalis,
527 2888 644 2919 circum
677 2898 788 2927 corpus
815 2887 998 2918 alterutrum

296 2929 470 2967 immotum,
486 2930 600 2961 viribus
615 2929 723 2960 iisdem
738 2929 866 2961 describi
868 2949 992 2960 ..........
1019 2931 1082 2958 312

338 2998 474 3030 PROP.
496 2999 593 3031 LIX.
629 2999 810 3031 THEOR.
829 2998 953 3030 XXII.

257 3055 430 3096 Corporum
455 3056 590 3087 duorum
607 3057 628 3087 S
650 3063 681 3088 et
698 3057 725 3088 P
741 3056 820 3088 circa
834 3065 999 3087 commune

776 250 936 283 INDEX
960 249 1376 284 PROPOSITIONUM.

1885 351 1941 378 η.

1161 378 1319 419 gravitatis
1333 383 1473 410 centrum
1490 377 1518 409 C
1533 374 1765 414 revolventium,
1786 381 1879 407 tern-⁴

1159 431 1219 460 pus
1245 421 1436 460 periodicum
1458 430 1523 451 esse
1537 420 1576 451 ad
1591 426 1713 458 tempus
1733 418 1867 458 periodi-

1159 473 1233 494 cum
1252 463 1387 503 corporis
1396 463 1626 504 alterutrius-P,
1641 462 1721 493 circa
1734 461 1867 492 alterum

1158 505 1322 535 immotum
1340 506 1362 536 S
1375 506 1520 546 gymnas,
1543 510 1575 535 et
1589 504 1697 546 figuris
1711 514 1787 545 quas
1797 512 1866 534 cor-

1158 557 1233 586 pora
1243 547 1362 578 circum
1376 558 1409 578 se
1420 546 1530 577 mutuo
1542 546 1718 578 describunt
1730 546 1864 587 figuram

1158 590 1290 620 similem
1305 596 1336 620 et
1351 589 1502 629 aequalem
1516 588 1723 625 describentis,
1743 589 1778 618 in
1792 589 1866 619 sub-

1159 630 1316 670 duplicata
1341 634 1459 662 ratione
1480 630 1617 670 corporis
1631 630 1754 662 alterius
1771 631 1802 668 S,
1824 630 1866 662 ad

1158 683 1311 705 summam
1326 682 1491 712 corporum
1508 673 1530 703 S
1547 673 1590 715 -f-
1611 672 1639 703 P
1639 693 1862 705 ................
1885 674 1948 704 315

1202 757 1341 791 PROP.
1361 757 1438 790 LX.
1478 756 1660 789 THEOR.
1680 755 1824 789 XXIII.

1119 826 1151 857 Si
1176 835 1304 865 corpora
1324 825 1388 856 duo
1412 826 1434 857 S
1455 831 1486 856 et
1509 825 1548 863 P,
1575 824 1691 856 viribus
1714 824 1865 866 quadrato

1157 868 1309 900 distantiae
1324 879 1388 899 suae
1402 866 1555 906 reciproce
1576 867 1865 907 proportionalibus,

1158 921 1190 941 se
1220 909 1332 941 mutuo
1363 910 1525 946 trahentia,
1555 909 1756 940 revolvuntur
1782 909 1866 940 circa

1157 953 1315 994 gravitatis
1329 958 1472 983 centrum
1485 961 1668 983 commune:
1697 951 1768 982 dico
1781 950 1866 993 quod

1159 996 1300 1034 ellipseos
1321 1004 1415 1036 quam
1436 1004 1548 1034 corpus
1562 994 1746 1025 alterutrum
1764 993 1792 1024 P
1805 994 1864 1024 hoc

1158 1044 1246 1067 motu
1260 1037 1341 1067 circa
1354 1037 1487 1067 alterum
1499 1036 1520 1067 S
1535 1036 1686 1074 describit,
1697 1034 1768 1066 ‘axis
1781 1035 1865 1075 prin-

1159 1079 1265 1118 cipalis
1279 1078 1336 1110 erit
1350 1079 1390 1110 ad
1404 1089 1494 1109 axem
1508 1077 1710 1118 principalem
1724 1077 1866 1118 ellipseos

1158 1132 1252 1162 quam
1267 1131 1378 1160 corpus
1391 1121 1475 1152 idem
1489 1121 1518 1152 P
1526 1120 1607 1151 circa
1617 1120 1749 1151 alterum
1762 1120 1866 1161 quies-

1159 1174 1231 1194 cens
1249 1164 1271 1194 S
1285 1165 1396 1194 eodem
1419 1169 1560 1203 tempore
1580 1162 1736 1203 periodico
1755 1162 1868 1194 descri-

1157 1208 1229 1237 bere
1243 1211 1354 1246 posset,
1370 1211 1407 1236 ut
1421 1215 1545 1238 summa
1557 1215 1721 1244 corporum
1733 1204 1870 1236 duorum

1161 1249 1183 1279 S
1199 1249 1242 1291 -1-
1262 1248 1290 1279 P
1304 1247 1344 1278 ad
1358 1248 1494 1288 primum
1515 1247 1651 1278 duorum
1671 1245 1775 1278 medie
1794 1255 1866 1286 pro-

1162 1290 1380 1330 portionalium
1393 1290 1475 1320 inter
1488 1291 1569 1321 hanc
1583 1298 1740 1320 summam
1754 1295 1786 1319 et
1799 1298 1867 1319 cor-

1159 1343 1218 1372 pus
1231 1332 1312 1363 illud
1326 1332 1460 1364 alterum
1477 1333 1499 1364 S
1499 1352 1685 1364 ..............
1686 1336 1698 1363 ⁸.
1703 1351 1866 1365 ............
1877 1329 1952 1363 ibid.

1196 1418 1336 1450 PROP.
1357 1417 1459 1450 LXI.
1489 1416 1687 1457 ⁷THEOR.
1707 1414 1846 1447 XXIV.

1121 1486 1154 1518 Si
1168 1496 1296 1526 corpora
1310 1487 1374 1517 duo
1388 1485 1504 1517 viribus
1525 1484 1683 1526 quibusvis
1702 1494 1735 1514 se
1753 1481 1867 1516 mutua

1160 1529 1320 1564 trahentia,
1337 1538 1438 1570 neque
1446 1526 1524 1558 alias
1534 1527 1649 1568 agitata
1663 1527 1711 1556 vel
1725 1525 1871 1565 impedita

1162 1571 1441 1612 quomodocunque
1450 1575 1640 1605 moveantur,
1648 1574 1752 1599 motus
1761 1577 1871 1598 eorum

1160 1613 1288 1653 perinde
1302 1623 1335 1643 se
1349 1614 1515 1649 habebunt,
1540 1622 1576 1642 ac
1589 1612 1616 1642 si
1635 1620 1699 1642 non
1713 1610 1870 1642 traherent

1161 1665 1195 1685 se
1209 1654 1332 1693 mutuo,
1355 1655 1407 1685 sed
1422 1662 1591 1695 utrumque
1605 1663 1624 1684 a
1638 1662 1764 1693 corpore
1777 1651 1870 1682 tertio

1160 1698 1194 1727 in
1209 1697 1367 1727 communi
1392 1697 1548 1737 gravitatis
1572 1701 1678 1726 centro
1703 1694 1871 1725 constituto

1161 1740 1276 1770 viribus
1289 1738 1399 1769 iisdem
1418 1739 1608 1769 traheretur:
1635 1743 1667 1768 et
1680 1737 1792 1768 virium
1807 1741 1870 1766 tra-

1160 1782 1302 1812 hentium
1317 1781 1423 1811 eadem
1435 1780 1493 1810 erit
1503 1779 1551 1810 lex
1562 1785 1701 1818 respectu
1713 1778 1867 1809 dimntiae

1159 1833 1323 1862 corporum
1342 1832 1361 1852 a
1384 1827 1489 1852 centro
1513 1821 1568 1850 illo
1593 1820 1754 1851 communi
1775 1826 1869 1860 atque

1159 1871 1300 1904 respectu
1314 1863 1465 1894 distantiae
1480 1862 1575 1893 totius
1590 1862 1670 1893 inter
1684 1871 1860 1902 corpora...
1886 1858 1952 1893 316
1991 1852 1993 1854 ,

1153 1948 1289 1980 PROP.
1305 1947 1421 1979 LXII.
1450 1947 1623 1979 PROBL.
1644 1946 1862 1979 XXXVIII.

1122 2003 1296 2041 Corporum
1321 2001 1455 2032 duorum
1481 2011 1551 2042 quae
1577 2001 1694 2032 viribus
1718 1999 1868 2041 quadrato

1160 2044 1313 2075 distantiae
1328 2054 1392 2074 suae
1411 2043 1566 2084 reciproce
1588 2042 1866 2082 proportionalibus

1160 2097 1192 2117 se
1206 2085 1318 2117 mutuo
1333 2087 1469 2124 trahunt,
1496 2096 1534 2116 ac
1554 2084 1594 2115 de
1617 2085 1693 2115 locis
1714 2084 1794 2115 datis
1811 2083 1866 2115 de-

1159 2130 1334 2164 mittuntur,
1362 2128 1564 2159 determinare
1578 2133 1690 2158 motus.
1695 2146 1855 2158 ............
1882 2128 1946 2158 817

1172 2210 1311 2243 PROP.
1328 2209 1468 2241 LXIII.
1493 2209 1666 2246 PROBL.
1679 2206 1852 2239 XXXIX.

1121 2268 1294 2306 Corporum
1320 2266 1455 2297 duorum
1480 2276 1550 2307 quae
1573 2265 1688 2296 viribus
1715 2262 1864 2304 quadrato

1159 2310 1314 2340 distantiae
1329 2319 1393 2338 suae
1408 2307 1562 2348 reciproce
1588 2304 1865 2347 proportionaIIbus

1160 2362 1192 2382 se
1207 2349 1318 2381 mutu&
1340 2350 1477 2386 trahunt,
1503 2350 1603 2390 deque
1618 2349 1692 2379 locis
1706 2347 1793 2385 datis,
1818 2356 1883 2377 se·-

1160 2391 1300 2424 cundum
1316 2391 1402 2422 datas
1416 2399 1522 2429 rectas,
1539 2392 1618 2422 datis
1632 2400 1709 2421 cum
1719 2389 1862 2420 velocita-

1159 2437 1241 2466 tibus
1255 2440 1378 2470 exeunt,
1405 2434 1608 2465 determinare
1621 2439 1734 2464 motus.
1739 2451 1857 2463 .........
1869 2429 1943 2463 ibid.
1962 2458 1965 2459 γ

1222 2515 1360 2547 PROP.
1378 2514 1510 2546 LXIV.
1534 2513 1706 2545 PROBL.
1722 2511 1797 2542 XL.

1119 2571 1246 2601 Viribus
1267 2571 1379 2613 quibus
1403 2580 1530 2609 corpora
1554 2579 1587 2600 se
1608 2566 1720 2599 mutuo
1739 2567 1865 2605 trabunt

1158 2614 1364 2644 crescentibus
1378 2613 1410 2643 in
1426 2612 1557 2652 simplici
1572 2611 1690 2642 ratione
1704 2608 1862 2640 distantia-

1159 2666 1229 2685 rum
1243 2666 1262 2686 a
1271 2656 1392 2692 centris,
1406 2655 1605 2695 requiruntur
1615 2658 1718 2684 motus
1725 2651 1864 2691 plurium

1158 2705 1321 2737 corporum
1335 2697 1416 2728 inter
1429 2707 1470 2727 se.
1475 2713 1861 2728 .............................
1883 2694 1947 2725 819

1209 2781 1347 2813 PROP.
1364 2780 1474 2812 LXV.
1506 2778 1688 2811 THEOR.
1699 2776 1812 2808 XXV.

1122 2839 1257 2877 Corpora
1270 2837 1361 2876 plura
1374 2845 1507 2877 quorum
1530 2835 1609 2864 vires
1634 2831 1815 2864 decrescunt
1828 2831 1863 2862 in

1160 2877 1317 2919 duplicata
1346 2880 1462 2909 ratione
1490 2876 1702 2907 distantiarum
1731 2876 1771 2906 ab
1795 2883 1862 2905 eor-

1159 2922 1285 2953 umdem
1307 2921 1425 2955 centris,
1449 2919 1564 2949 moveri
1584 2927 1673 2957 posse
1686 2917 1768 2948 inter
1781 2916 1862 2946 sein

1160 2964 1319 3002 ellipsibus
1342 2970 1373 2992 et
1397 2962 1489 2992 radiis
1512 2961 1551 2991 ad
1576 2960 1739 2991 umbilicos
1761 2958 1863 2990 ductis

1160 3017 1241 3037 areas
1255 3005 1421 3035 describere
1430 3004 1617 3043 temporibus
1623 3001 1863 3042 proportionale·

1160 3046 1391 3089 quamproxime
1392 3062 1857 3077 ...................................
1883 3045 1946 3074 822

2079 1816 2086 1902 ἦ

2080 1905 2086 1938 ,1
