2086 3542
337 281 419 319 356
738 268 1183 319 PHILOSOPHIAE
1214 266 1573 318 NATURALIS
1671 276 1812 328 [M'o'r.
1837 275 2037 325 Conrou‘.

337 389 546 445 duplicata
567 389 866 443 distantiarum,
889 391 922 433 si
941 391 1101 432 minora
1120 390 1229 432 circa
1246 391 1473 432 maximum
1491 392 1536 432 in
1556 390 1778 446 ellipsibus,
1799 391 2038 435 umbilicum

335 476 597 505 communem
615 463 658 504 in
678 464 850 506 maximi
868 460 977 505 illius
998 469 1139 504 centro
1158 462 1417 514 habentibus,
1450 464 1512 518 (¹¹¹)
1535 477 1658 519 quam
1685 463 1775 505 fieri
1803 471 1940 518 potest
1970 479 2036 506 ac-

336 518 600 575 curatissimis
621 534 906 583 revolvantur3
938 542 980 575 et
1008 533 1133 574 radiis
1166 533 1220 574 ad
1249 533 1474 574 maximum
1505 532 1608 573 illud
1638 533 1771 574 ductis
1805 533 2039 577 describant

335 619 451 646 areas
471 605 724 659 temporibus
744 619 867 660 quam
889 603 1067 644 maxime
1086 603 1436 657 proportionales:
1469 611 1589 644 erunt
1622 617 1842 658 corporum
1871 603 2037 646 illorum

334 676 439 717 vires
459 675 658 717 absolutae
677 674 730 717 ad
750 663 937 724 invicem,
960 682 1031 715 aut
1051 672 1239 714 accurate
1260 681 1330 714 aut
1350 673 1675 728 quamproxime,
1705 673 1749 714 in
1767 674 1925 715 ratione
1945 689 2037 716 cor-

334 759 509 801 porum3
540 753 582 788 et
617 746 669 801 (¹¹)
703 752 858 787 contra.
920 743 1040 786 Patet
1059 758 1134 799 per
1157 743 1296 786 Coi-ol.
1320 744 1446 800 Prop.
1468 743 1699 787 LXVIII:
1715 745 1907 788 collatum
1941 760 2035 788 cum

333 816 453 873 hujus
475 816 615 859 Corol.
642 822 676 857 1.

1085 1001 1285 1044 scholium.

393 1113 476 1156 His
495 1112 843 1168 propositionibus
862 1113 1178 1155 manuducimur
1198 1115 1250 1155 ad
1271 1114 1502 1172 analogiam
1521 1114 1628 1157 inter
1648 1115 1753 1156 vires
1774 1113 2033 1170 centripetas‚

334 1194 375 1226 et
395 1199 571 1240 corpora
590 1183 798 1234 centralia‚
830 1184 884 1225 ad
903 1199 996 1240 quae
1015 1185 1120 1226 vires
1139 1185 1221 1226 illae
1241 1186 1363 1242 dirigi
1390 1186 1534 1228 solent.
1598 1187 1768 1229 Rationi
1798 1187 1908 1228 enim
1938 1201 2037 1228 con-

335 1263 577 1298 sentaneum
597 1263 671 1307 est,
694 1263 741 1296 ut
761 1255 879 1306 vires,
902 1269 994 1310 quae
1014 1255 1067 1296 ad
1088 1249 1263 1311 corpora
1288 1256 1533 1314 diriguntur,
1566 1256 1774 1312 pendeant
1804 1257 1856 1298 ab
1888 1271 2037 1298 eorun-

334 1328 431 1369 dem
450 1326 597 1368 natura
618 1335 659 1368 et
678 1327 915 1383 quantitate,
938 1335 983 1368 ut
1003 1326 1050 1368 fit
1069 1325 1112 1367 in
1131 1328 1382 1383 magneticis.
1444 1327 1500 1369 Et
1519 1328 1678 1384 quoties
1706 1326 1942 1384 hujusmodi
1969 1343 2035 1369 ca—

333 1416 402 1443 sus
423 1400 623 1450 incidunt,
645 1398 898 1441 aestimandae
917 1406 1039 1440 erunt
1059 1414 1279 1454 corporum
1309 1401 1582 1451 attractiones,
1619 1400 1865 1458 assignando
1895 1401 2036 1459 singu—

334 1472 386 1513 lis
408 1486 552 1513 eorum
570 1470 780 1526 particulis
800 1471 905 1512 vires
924 1471 1127 1525 propriaS‚
1149 1478 1190 1511 et
1209 1470 1441 1527 colligendo
1461 1486 1640 1513 summas
1660 1471 1819 1513 virium.
1878 1471 2036 1513 Vocem
2082 1499 2086 1501 Δ

333 1544 586 1586 attractionis
605 1542 673 1584 hic
692 1542 939 1599 generaliter
959 1557 1114 1597 usurpo
1132 1557 1210 1597 pro
1230 1557 1449 1597 corporum
1470 1551 1619 1585 conatu
1649 1558 1892 1600 quocunque
1921 1557 2037 1586 acce-

336 1614 463 1656 dendi
482 1614 536 1656 ad
556 1614 755 1655 invicem:
787 1613 871 1655 sive
892 1621 1062 1654 conatus
1082 1613 1158 1654 iste
1178 1612 1250 1654 fiat
1269 1613 1321 1654 ab
1342 1613 1501 1655 actione
1521 1628 1740 1668 corporum
1754 1612 1820 1654 vel
1835 1627 1879 1655 se
1892 1621 2037 1655 mutuo

335 1686 579 1743 petentium,
601 1685 665 1727 vel
684 1699 758 1740 per
778 1684 942 1739 spiritus
963 1684 1132 1725 emissos
1151 1699 1196 1726 se
1214 1685 1389 1726 invicem
1408 1681 1675 1742 agitantium3
1705 1685 1789 1727 sive
1819 1685 1854 1726 is
1885 1684 1939 1727 ab
1970 1700 2037 1728 ac-

332 1759 445 1799 tione
465 1756 643 1807 aetheris‚
666 1763 737 1797 aut
757 1755 873 1806 aeris,
895 1754 1071 1796 mediive
1091 1755 1368 1811 cujuscunque
1389 1770 1460 1797 seu
1487 1756 1675 1810 corporei
1704 1770 1775 1796 seu
1804 1755 2037 1811 incorporei

335 1829 491 1869 oriatur
511 1841 690 1881 corpora
709 1825 936 1866 innatantia
954 1825 998 1865 in
1030 1839 1073 1865 se
1106 1824 1282 1866 invicem
1315 1833 1522 1880 utcunque
1555 1825 1813 1880 impellentis.
1874 1825 2036 1869 Eodem

333 1913 458 1940 sensu
476 1896 661 1954 generali
690 1908 846 1949 usurpo
877 1908 1021 1935 vocem
1052 1894 1247 1948 impulsus,
1269 1909 1354 1935 non
1389 1896 1544 1949 species
1575 1895 1723 1936 virium
1754 1903 1796 1937 et
1825 1895 2036 1952 qualitates

332 1968 538 2024 physicas,
562 1965 634 2007 sed
654 1965 899 2021 quantitates
919 1972 961 2005 et
980 1964 1267 2018 proportiones
1287 1965 1593 2007 mathematicas
1613 1965 1657 2006 in
1675 1965 1755 2007 hoc
1774 1974 1949 2008 tractatu
1964 1980 2036 2021 ex-

331 2038 517 2094 pendens
538 2045 584 2079 ut
602 2037 646 2077 in
667 2035 973 2077 definitionibus
995 2035 1186 2089 explicui.
1246 2035 1297 2077 In
1319 2036 1493 2079 mathesi
1512 2037 1804 2095 investigandae
1824 2045 1919 2080 sunt
1937 2038 2033 2081 viri—

331 2124 402 2150 um
423 2108 668 2164 quantitates
688 2114 729 2147 et
749 2106 927 2147 rationes
947 2106 1043 2156 illae,
1066 2121 1158 2161 quae
1179 2121 1232 2147 ex
1252 2106 1554 2149 conditionibus
1571 2108 1880 2165 quibuscunque
1893 2109 2034 2164 positis

332 2189 662 2237 consequentur:
694 2178 858 2228 deinde,
880 2178 952 2219 ubi
971 2178 1013 2219 in
1033 2177 1246 2234 physicam
1266 2178 1527 2221 descenditur
1558 2179 1817 2222 conferendae
1846 2189 1942 2224 sunt
1968 2179 2036 2223 hae

332 2254 512 2295 rationes
534 2266 627 2292 cum
647 2249 953 2306 phaenomenis·;
983 2257 1030 2290 ut
1048 2249 1277 2291 innotescat
1297 2265 1486 2306 quaenam
1505 2251 1653 2292 virium
1673 2250 1925 2294 conditiones
1954 2252 2036 2294 sin-

330 2324 440 2380 gulis
463 2336 684 2377 corporum
705 2320 1012 2362 attractivorum
1031 2319 1251 2376 generibus
1271 2329 1518 2375 competant.
1582 2321 1638 2363 Et
1668 2329 1756 2362 tum
1787 2321 1953 2364 demum
1983 2322 2036 2364 de

331 2394 484 2436 virium
505 2392 732 2448 speciebus,
770 2391 902 2432 causis
936 2400 978 2432 et
1010 2390 1237 2431 rationibus
1270 2390 1451 2447 physicis
1482 2392 1608 2433 tutius
1642 2392 1851 2447 disputare
1884 2387 2034 2436 licebit.
2084 2423 2086 2428 -

334 2465 562 2506 Videamus
582 2463 708 2519 igitur
729 2461 876 2518 quibus
897 2461 1050 2502 viribus
1070 2475 1281 2516 corpoxa
1264 2460 1476 2516 sphaerica,
1498 2477 1550 2503 ex
1568 2462 1779 2520 particulis
1798 2462 1923 2505 modo
1943 2464 2033 2520 jam
2082 2486 2084 2488 v

333 2537 521 2593 exposito
542 2535 762 2577 attractivis
783 2533 1024 2583 constantia,
1046 2532 1253 2574 debeant
1242 2547 1284 2574 m
1305 2548 1348 2575 se
1368 2533 1512 2575 mutuo
1531 2549 1679 2591 agere3
1710 2544 1751 2576 et
1778 2534 1916 2591 quales
1943 2548 2033 2578 mo-
2051 2575 2057 2582 ,
2079 2555 2086 2595 ·5

332 2619 398 2652 tus
418 2609 514 2650 inde
534 2613 849 2663 consequantur.

376 2734 431 2777 (ω)
455 2736 473 2754 ⁶
500 2735 601 2782 Q'f‘m'
610 2734 687 2773 fieri
702 2738 797 2773 potest
819 2732 1048 2763 accuratissimis
1068 2731 1160 2760 revol-
1202 2730 1373 2766 volvantur,
1400 2735 1432 2760 et
1455 2728 1547 2760 radiis
1570 2727 1610 2758 ad
1632 2727 1802 2759 maximum
1827 2729 1906 2761 illud
1925 2729 2028 2763 ducti·

334 2783 456 2813 vantur,
478 2781 515 2806 ut
533 2775 567 2806 in
581 2774 702 2808 duobus
712 2774 836 2806 casibus
851 2774 943 2814 Prop.
962 2776 1013 2805 65
1041 2772 1160 2811 exposi-
1202 2772 1373 2803 describant
1386 2781 1470 2802 areas
1483 2770 1670 2810 temporibus
1689 2780 1783 2810 quam
1803 2770 1937 2820 maxime
1956 2781 2027 2813 pm..

2078 2694 2086 2721 ⁰.

2075 2746 2086 2803 ί1

335 2826 403 2850 tum
418 2825 472 2850 esu
1204 2814 1396 2853 portionales,
1413 2821 1574 2853 corporum
1589 2811 1713 2842 illorum
1734 2813 1859 2843 seorsim
1878 2820 2028 2854 spectato.
2069 2807 2086 2856 ἒ

379 2861 427 2902 (¹¹)
450 2863 468 2880 ὓ
493 2861 537 2892 Et
552 2858 667 2891 coms-d.
716 2858 749 2889 si
764 2858 841 2889 vires
855 2866 1017 2897 corporum
1038 2855 1185 2886 illorum·
1204 2865 1275 2886 rum
1302 2856 1381 2886 vires
1408 2854 1629 2886 accelerati-ines
1653 2853 1827 2886 decrescent
1852 2855 1887 2886 in
1909 2857 2027 2888 mione

338 2903 485 2933 absolutae
499 2902 561 2932 sint
574 2901 636 2932 nd
626 2900 759 2931 invicem
773 2901 806 2930 in
819 2900 936 2931 ratione
949 2907 1120 2938 corporum,
1133 2902 1164 2928 et
1203 2897 1360 2936 duplicata
1382 2896 1593 2930 distantiarum
1617 2902 1672 2927 aut
1696 2895 1836 2928 accurate
1859 2903 1915 2929 aut

339 2945 456 2977 minora
483 2953 609 2983 corpora
637 2942 716 2973 circa
743 2943 914 2973 maximum
942 2941 976 2970 in
1005 2940 1161 2980 ellipsibus
1201 2938 1358 2979 proxime;
1381 2945 1416 2970 ut
1429 2939 1525 2979 quuet
1538 2948 1576 2969 ex
1594 2938 1696 2970 Cor.ol
1714 2938 1762 2969 20.
1783 2939 1875 2980 Prop.
1893 2942 1944 2974 68.
1961 2940 2028 2972 col·

341 2986 519 3015 umbilicum
541 2994 737 3016 communem
752 2984 786 3014 in
807 2983 933 3014 maximi
953 2982 1037 3013 illius
1058 2988 1162 3024 centro
1202 2981 1265 3013 lato
1279 2991 1351 3012 cum
1368 2981 1462 3021 Prop.
1480 2985 1530 3012 64.
1549 2983 1600 3012 65.

341 3027 530 3064 trahentibus,
547 3037 639 3066 quam
655 3027 721 3058 fieri
736 3032 844 3066 potest,
865 3023 1098 3057 accuratissimis
1115 3033 1162 3055 re-

2073 2854 2086 2923 1

2072 2930 2085 2978 ’1

2071 2978 2083 3111 ‘Q

2067 3066 2081 3272 1
