2086 3542
100 225 247 268 Lmen
269 223 483 276 Fuimus]
571 221 892 265 PRINCIPIA
924 218 1411 264 MATHEMATICA.
1711 224 1793 261 358

96 355 194 383 nem
212 339 454 389 absolutam,
475 353 569 394 quae
597 338 728 394 magis
751 337 943 394 dirigitur
965 337 1008 377 in
1030 349 1252 390 corporum
1284 335 1325 376 T
1344 342 1385 376 et
1405 335 1442 376 P
1461 348 1678 376 commune
1701 349 1796 391 gra·-

93 413 230 454 vitatis
251 419 436 454 centrum
456 410 512 461 O,
534 424 658 466 quam
677 410 722 450 in
741 424 890 464 corpus
907 407 1134 450 maximum
1154 405 1208 456 T,
1230 419 1403 461 quaeque
1424 404 1623 460 quadrato
1642 405 1797 446 distan-

94 482 164 524 tiae
197 483 228 525 S
260 482 303 524 O
331 481 461 537 magis
491 488 553 523 est
583 479 900 534 proportionalis
931 475 1153 532 reciproce,
1193 489 1317 531 quam
1355 474 1555 531 quadrato
1593 474 1796 516 distantiae

97 553 128 596 S
148 553 214 595 T:
247 553 295 607 (⁶)
316 559 362 594 ut
380 566 469 592 rem
487 550 759 608 peipendenti
778 549 897 591 facile
915 547 1129 591 constabit.

299 716 678 762 PROPOSITIO
708 715 923 759 LXVIII.
983 711 1343 756 THEOREMA
1373 711 1594 753 XXVIII.
1622 705 1627 707 ’

91 833 240 876 Positis
258 833 393 874 iisdem
413 832 688 873 attractionum
707 830 865 885 legibus,
888 829 975 869 dico
993 828 1097 882 quod
1114 841 1249 881 corpus
1263 823 1430 868 exterius
1450 827 1494 876 S,
1523 827 1629 868 circa
1656 826 1794 867 interi-

147 920 254 946 orum
275 905 312 946 P
326 911 364 945 et
376 903 419 945 T
435 917 626 944 commune
639 901 855 957 gravitatis
873 905 1042 940 centrum
1056 898 1110 948 O,
1131 899 1260 939 radiis
1277 899 1335 938 ad
1350 904 1520 939 centrum
1539 898 1640 939 illud
1657 898 1794 947 ductis,

148 975 330 1016 describit
348 988 463 1015 areas
481 973 712 1027 temporibus
730 971 856 1024 magis
865 968 1196 1023 proportionales,
1216 974 1254 1009 et
1273 967 1398 1008 orbem
1417 967 1474 1007 ad
1482 967 1661 1022 sormam
1681 968 1796 1020 ellip-

146 1060 227 1088 seos
245 1045 460 1086 umbilicum
480 1045 523 1085 in
542 1049 672 1084 centro
691 1043 819 1082 eodem
838 1040 1012 1080 habentis
1038 1040 1163 1093 magis
1187 1039 1438 1089 accedentem,
1470 1039 1506 1079 si
1531 1052 1668 1092 corpus
1699 1039 1796 1079 inti..

146 1131 245 1158 mum
265 1122 302 1156 et
321 1116 526 1156 maximum
545 1115 607 1155 his
625 1111 923 1154 aurae-tionibus
934 1110 1105 1164 perinde
1122 1114 1239 1163 atque
1251 1115 1393 1150 caetera
1413 1110 1598 1164 agitetur,
1627 1124 1739 1164 quam
1759 1111 1797 1151 si

147 1189 193 1231 id
209 1189 271 1230 vel
289 1202 367 1228 non
382 1192 591 1228 attractum
611 1186 795 1239 quiescat,
817 1184 877 1224 vel
895 1178 1012 1222 mult&
1031 1181 1154 1236 magis
1185 1187 1255 1223 aut
1284 1178 1402 1226 mult&
1432 1183 1557 1224 minus
1587 1188 1795 1224 attractum

145 1265 216 1300 aut
233 1255 351 1300 multo
370 1259 493 1312 magis
512 1264 582 1298 aut
602 1243 719 1298 multo
738 1256 862 1297 minus
882 1254 1067 1308 agitetur.

152 1372 203 1428 (⁴¹)
235 1373 552 1415 Demonstratui·
571 1371 718 1414 eodem
736 1371 821 1412 fere
840 1368 966 1410 modo
985 1382 1080 1409 cuin
1102 1367 1228 1422 Prop.
1250 1368 1415 1410 LXVI.
1447 1370 1521 1411 sed
1550 1378 1795 1428 argumento

86 1444 326 1500 prolixiore,
348 1444 462 1501 quod
490 1443 584 1485 ideo
612 1451 827 1498 praetereo.
889 1438 1103 1481 sufficeret
1135 1453 1225 1480 rem
1256 1439 1312 1480 sic
1342 1441 1560 1482 aestimare.
1622 1441 1692 1482 Ex
1724 1441 1796 1482 de-

86 1518 381 1559 monstratione
398 1515 699 1572 Propositionis
711 1514 882 1555 novissi·—

85 1602 166 1628 mae
184 1587 314 1643 liquet
333 1596 533 1638 centrum,
550 1588 593 1628 in
606 1587 718 1643 quod
733 1601 882 1642 corpus
983 1547 1038 1712 s

88 1658 117 1699 S
130 1659 357 1714 conjunctis
372 1659 526 1700 viribus
539 1666 724 1715 urgetur,
739 1658 881 1712 proxi·
947 1663 977 1705 S

83 1742 198 1769 mum
218 1743 305 1770 esse
325 1729 534 1769 communi
548 1735 690 1770 centro
704 1727 881 1784 gravita-
1018 1738 1327 1753 “··
1341 1745 1518 1763 ··-·÷-·-·--—-

84 1801 137 1843 tis
151 1801 328 1842 duorum
342 1802 520 1843 illorum.
573 1801 618 1843 Si
633 1801 882 1842 coincideret
1553 1785 1569 1800 ”

83 1870 165 1912 hoc
183 1879 371 1913 centrum
392 1886 487 1912 cum
507 1880 649 1912 centro
668 1871 740 1912 illo
766 1886 877 1912 com-

85 1941 212 1991 muni,
235 1949 277 1982 et
296 1941 522 1996 quiesceret
541 1955 758 1981 commune
785 1946 879 1981 cen-

86 2019 196 2052 trum
215 2010 422 2066 gravitatis
444 2023 663 2063 corporum
682 2009 805 2049 trium
817 2025 829 2058 ;
868 2009 1145 2052 describerent
1165 2026 1312 2065 corpus
1341 2012 1371 2052 S
1398 2025 1452 2052 ex
1480 2010 1562 2052 una
1592 2018 1722 2065 parte,
1754 2018 1795 2051 et

86 2095 305 2123 commune
324 2088 511 2122 centrum
531 2080 707 2121 aliorum
726 2079 905 2122 duorum
928 2095 980 2122 ex
1004 2081 1131 2123 altera
1158 2091 1288 2137 parte,
1321 2083 1431 2123 circa
1460 2097 1678 2123 commune
1705 2097 1794 2123 om·

86 2152 203 2206 nium
224 2159 411 2194 centrum
431 2151 660 2206 quiescens,
684 2150 846 2205 ellipses
877 2160 1098 2192 accuratas.
1160 2153 1208 2206 (²)
1241 2152 1392 2207 Liquet
1410 2151 1490 2192 hoc
1508 2166 1584 2206 per
1606 2151 1793 2194 Corolla'-

141 2279 171 2321 (e
174 2279 187 2318 )
221 2281 239 2299 ⁸
280 2281 320 2311 Ue
346 2290 411 2311 rem
430 2280 626 2319 perpendenti
640 2278 740 2330 facile
765 2281 916 2311 emanabit
1007 2279 1050 2321 (d)
1076 2282 1092 2299 ⁶
1123 2282 1360 2312 Demonstratur
1387 2255 1488 2316 eodem
1505 2280 1578 2322 fere
1605 2283 1702 2318 modo,
1732 2282 1788 2312 &c-

89 2321 175 2352 Nam
189 2322 234 2351 vis
247 2321 463 2352 acceleratricis
484 2321 659 2360 compositae
681 2331 743 2360 qua
763 2331 873 2360 corpus
899 2322 921 2351 S
966 2322 1125 2352 Nimirum
1140 2322 1317 2352 resolvendo
1332 2323 1377 2351 sin
1379 2323 1469 2363 gulas
1482 2323 1674 2353 attractiones
1684 2333 1793 2362 corpo-

88 2373 108 2393 ε
122 2364 298 2402 corporibus
313 2364 343 2394 T
357 2370 389 2395 et
404 2365 430 2394 P
443 2365 572 2394 trahitur
593 2363 718 2394 directio
740 2363 822 2393 cadit
842 2364 921 2394 inter
962 2363 1004 2393 ris
1020 2364 1042 2394 S
1057 2364 1161 2394 versus
1179 2365 1206 2394 P
1221 2371 1251 2394 et
1265 2365 1313 2394 Τ
1303 2374 1335 2394 in
1347 2365 1422 2394 alias
1435 2375 1567 2405 quarum
1582 2365 1653 2395 duae
1667 2365 1707 2395 ad
1721 2376 1793 2395 cen-

88 2405 185 2436 lineas
201 2405 223 2436 S
240 2406 277 2442 P,
296 2407 318 2437 S
334 2407 372 2442 T,
389 2412 419 2437 et
433 2406 550 2447 caeteris
563 2405 696 2445 paribus
718 2405 818 2446 magis
831 2415 918 2436 acce·
960 2412 1046 2436 trum
1060 2406 1089 2437 Ο
1101 2406 1273 2447 dirigantur
1286 2413 1317 2436 et
1330 2406 1401 2436 aliae
1413 2406 1485 2437 duae
1498 2407 1680 2438 directiones
1699 2408 1792 2440 habe-

88 2447 135 2478 dit
148 2448 188 2478 ad
205 2448 227 2479 S
243 2448 282 2485 T,
297 2459 392 2490 quam
406 2448 446 2479 ad
463 2449 484 2479 S
501 2449 529 2479 P
545 2448 585 2490 (si
595 2447 688 2478 mode>
699 2457 808 2486 corpus
818 2448 919 2488 majus
963 2454 1018 2478 ant
1032 2455 1123 2478 rectae
1141 2449 1170 2479 T
1187 2449 1216 2479 P
1229 2448 1398 2487 parallelas.

91 2490 122 2520 T
145 2490 262 2521 caeteris
289 2492 414 2530 paribus
441 2491 541 2531 magis
564 2491 665 2525 trahat
689 2500 783 2530 quain
807 2500 919 2528 corpus
1003 2491 1049 2531 (θ)
1074 2493 1091 2510 ⁸
1116 2492 1230 2531 Liquet
1254 2493 1318 2527 hoc,
1335 2491 1390 2521 &c-
1439 2491 1524 2521 Nam
1546 2491 1572 2521 si
1594 2497 1735 2522 centrum
1759 2490 1794 2523 in

89 2532 195 2562 minus
213 2533 255 2572 P)
277 2532 540 2573 quemadmodum
555 2539 696 2563 centrum
710 2532 866 2572 gravitatis
881 2532 923 2567 O,
968 2531 1175 2572 quod'oorpus
1190 2533 1213 2563 S
1227 2533 1398 2573 conjunctis
1411 2533 1526 2563 viribus
1539 2540 1668 2573 urgetur
1681 2534 1795 2565 coinci-

51 2611 54 2613 ,
89 2574 216 2614 propius
230 2581 276 2605 est
290 2575 410 2614 corpori
428 2575 457 2605 T
470 2585 564 2615 quam
576 2574 694 2614 corpori
711 2575 740 2605 P
748 2587 758 2612 ;
781 2574 926 2614 preterea
969 2575 1054 2605 deret
1068 2585 1140 2605 curn
1154 2580 1259 2605 centro
1275 2576 1306 2606 Ο
1321 2575 1476 2615 gravitatis
1489 2576 1648 2606 communi
1662 2575 1794 2607 duorum

90 2623 236 2648 manente
249 2618 394 2648 distantia
411 2618 433 2648 S
449 2618 488 2653 T,
509 2617 554 2646 vis
573 2617 766 2647 accelerati-ix
790 2617 925 2656 corporis
965 2627 1130 2656 corporum
1147 2617 1175 2647 P
1189 2623 1222 2647 et
1236 2617 1266 2647 T
1280 2618 1347 2647 haec
1360 2617 1424 2647 duo
1439 2627 1566 2656 corpora
1582 2617 1610 2648 P
1622 2623 1652 2648 et
1665 2618 1694 2648 T
1707 2618 1796 2658 ellip-

93 2659 117 2689 S
131 2659 237 2690 versus
253 2660 282 2691 P
295 2666 429 2700 augetur
441 2659 491 2689 vel
505 2658 697 2696 diminuitur,
713 2659 790 2689 dum
804 2659 923 2689 decres-
966 2669 1015 2690 ses
1029 2665 1186 2689 accuratas
1200 2659 1324 2689 seorsim
1339 2659 1545 2690 describerent
1555 2659 1672 2690 circum
1683 2670 1716 2690 se
1726 2670 1796 2691 mu-

68 2718 72 2720 <
90 2701 134 2732 cit
147 2701 194 2731 vel
209 2702 316 2733 &escit
328 2702 474 2733 distantia
489 2702 511 2731 S
528 2701 567 2737 P,
591 2707 622 2732 et
644 2701 784 2731 similiter
805 2701 920 2732 distan-
963 2701 1019 2732 tuo
1042 2708 1075 2732 et
1100 2701 1217 2732 circum
1240 2707 1380 2733 centrum
1402 2701 1481 2732 illud
1498 2702 1529 2732 O
1556 2703 1626 2743 (per
1641 2702 1743 2732 Corol.
1763 2705 1793 2733 2.

90 2743 135 2774 tia
152 2744 174 2773 S
191 2744 232 2779 Ο,
256 2751 388 2785 augetur
406 2744 456 2775 vel
480 2743 672 2780 diminuitur,
698 2749 791 2783 prout
815 2743 922 2774 crescit
966 2744 1058 2783 Prop.
1079 2743 1145 2783 58).
1194 2743 1239 2774 Et
1251 2743 1400 2783 praeterei
1413 2753 1524 2783 corpus
1541 2744 1562 2774 S
1577 2753 1615 2774 ex
1630 2744 1694 2774 una
1711 2750 1797 2783 parte

93 2786 144 2816 vel
158 2785 304 2816 decrescit
321 2787 343 2817 S
357 2786 404 2824 P;
430 2785 536 2822 Quare
550 2786 690 2816 attractio
703 2785 843 2816 absoluta
857 2788 927 2828 (seu
969 2792 1000 2817 et
1013 2779 1146 2816 duorum
1160 2785 1292 2815 aliorum
1305 2791 1437 2826 systema
1449 2791 1596 2826 tanquam
1610 2795 1711 2816 uuum
1730 2796 1798 2817 cor-

92 2828 171 2867 nuta)
197 2828 332 2867 corporis
348 2829 370 2860 S
383 2829 551 2880 quadrato
556 2828 709 2859 distantiae
734 2828 756 2858 S
773 2828 803 2859 0
827 2829 927 2869 inagis
969 2838 1028 2868 pus
1041 2827 1277 2864 consideratum,
1288 2828 1348 2858 hoc
1360 2834 1415 2863 est,
1432 2837 1540 2858 eorum
1550 2837 1716 2860 commune
1726 2838 1796 2870 gra-

92 2870 330 2909 proportionalis
343 2876 390 2901 est
402 2870 562 2910 reciproce,
578 2880 672 2910 quam
692 2870 842 2911 quadrato
862 2870 925 2901 dis-
966 2870 1069 2900 vitatis
1082 2875 1222 2900 centrum
1241 2869 1272 2900 0
1287 2879 1326 2900 ex
1341 2869 1436 2900 altera
1458 2875 1544 2908 parte
1564 2869 1686 2909 ellipses
1706 2880 1797 2902 accu-

92 2913 199 2943 tamiae
217 2913 238 2943 S
253 2912 304 2949 T;
337 2912 461 2950 insuper
484 2923 651 2944 commune
674 2912 831 2954 gravitatis
852 2922 924 2943 cen-
966 2918 1047 2943 mtas
1061 2912 1266 2943 describerent
1279 2911 1396 2942 circum
1410 2921 1576 2943 commune
1597 2911 1691 2943 trium
1707 2913 1739 2950 S,
1756 2913 1794 2949 T,

91 2960 178 2986 trum
195 2954 226 2985 Ο
240 2953 305 2985 fere
318 2954 446 2994 spectari
459 2961 558 3004 potest
566 2961 714 2995 tanquam
725 2960 876 2994 puuctum
890 2954 923 2984 in
967 2953 996 2985 P
1019 2960 1162 2985 centrum
1187 2953 1343 2995 gravitatis
1368 2954 1527 2994 quiescens
1547 2954 1736 2995 (percos-01.
1763 2959 1794 2986 2.

93 3006 155 3038 quo
169 3006 330 3035 corporum
348 2997 378 3029 T
391 3003 423 3028 et
439 2997 468 3028 P
480 2996 559 3029 vires
571 2996 695 3038 physice
709 2997 869 3029 uniuntur.
968 2996 1061 3036 Prop.
1079 3000 1131 3028 58.
1138 2996 1151 3036 )
1198 2995 1296 3033 Quod
1308 2996 1411 3028 adhuc
1424 2996 1539 3029 clarius
1550 2995 1749 3039 intelligetur,
1772 2998 1796 3028 si

137 3052 263 3083 Vcr..1.
933 3052 960 3082 Z
