2086 3542
152 253 299 296 Lusi-:s
313 252 514 304 Morus]
581 249 903 293 PRINCIPIA
934 248 1427 292 MATHEMATICA.

713 362 1181 409 COROLLARIUM
1211 363 1294 404 ΙΙΙ.

151 438 365 488 Quantitas
381 442 504 478 motus
521 448 610 490 quoe
625 435 826 489 colligitur
838 435 1030 488 capiendo
1041 447 1224 475 summam
1237 438 1404 474 motuum
1407 433 1614 489 sactorum
1631 437 1688 476 ad
1706 440 1864 480 eandem

195 515 366 563 partem,
386 513 426 549 et
444 505 916 563 dtffirentiamsactorum
934 505 992 545 ad
1007 504 1245 555 contrarias,
1266 517 1345 545 non
1359 509 1534 545 nmtatur
1546 505 1600 546 ab
1617 506 1771 548 actione
1781 523 1866 549 cor-

197 592 340 632 porum
357 578 467 618 inter
483 591 536 618 se.
1660 620 1665 624 ,
1735 621 1737 623 ,

205 647 371 690 Etenim
399 647 509 689 actio
542 646 664 703 eique
691 645 898 688 contraria
931 645 1084 688 reectio
1119 645 1298 702 aequales
1332 638 1429 687 sunt
1454 659 1532 701 per
1565 645 1727 704 Legem
1769 655 1863 701 111,

143 719 331 775 adeoque
356 732 434 774 per
462 717 621 775 Legem
654 723 700 759 11
733 717 913 774 aequales
942 717 987 758 in
1014 716 1193 758 motibus
1222 716 1405 758 efficiunt
1441 717 1696 760 mutationes
1723 719 1864 762 versus

142 789 366 832 contrarias
383 795 534 844 partes.
593 787 710 845 Ergo
729 788 763 828 si
782 795 918 829 motus
936 788 1044 829 fiunt
1062 787 1117 829 ad
1130 787 1306 829 eandem
1324 794 1504 842 partem3
1534 788 1731 845 quicquid
1745 791 1863 832 addi-

142 869 210 902 tur
227 859 358 901 motui
378 858 562 914 corporis
580 857 787 915 fugientis,
815 857 1067 900 subducetur
1084 857 1215 899 motui
1234 858 1420 913 corporis
1444 858 1695 915 insequentis
1714 861 1784 913 sic,
1815 870 1861 903 ut

141 945 303 973 summa
321 936 487 971 maneat
506 928 651 971 eadem
669 943 765 985 quae
781 923 909 984 prius.
970 929 1046 971 Sin
1065 942 1245 983 corpora
1260 928 1426 970 obviam
1444 937 1540 970 eant
1549 945 1562 980 3
1592 931 1762 986 aequalis
1781 933 1860 974 erit

140 1000 361 1044 subductio
391 1000 445 1042 de
472 1007 590 1042 motu
622 999 847 1056 utriusque,
877 999 1054 1057 ideoque
1076 998 1312 1043 differentia
1349 1006 1538 1043 motuum
1577 1000 1783 1046 factorum
1816 1003 1861 1047 in

140 1072 366 1115 contrarias
384 1077 522 1128 partes
539 1071 723 1114 manebit
741 1070 898 1114 eadem.
930 1071 984 1128 (k)

1811 261 1866 297 23

283 1194 440 1228 percurret
463 1186 660 1228 diagonalem
684 1188 711 1219 C
730 1188 777 1226 F;
806 1188 981 1238 etcum-in
1022 1187 1103 1218 ictus
1121 1186 1206 1218 idem
1227 1187 1262 1218 in
1283 1187 1395 1219 iisdem
1416 1187 1596 1228 corporibus
1619 1189 1706 1222 omui
1734 1190 1859 1222 elaterio

138 1229 265 1270 parallel
265 1230 434 1271 ogr-smmis
458 1230 544 1266 DB,
563 1230 650 1267 DE,
677 1230 785 1261 omnia
806 1230 978 1271 sintpana,

136 1273 438 1309 eritFC=AC.
454 1272 974 1313 etangulusFCE‚=ACB.

134 1315 282 1346 Tandem
304 1315 332 1346 si
350 1325 478 1355 corpora
499 1314 680 1354 imperfecte
702 1315 821 1345 fuerint
842 1315 976 1351 elastica,

133 1358 277 1388 'manebit
297 1357 425 1399 quidem
449 1364 518 1397 post
538 1358 711 1396 impactum
725 1356 870 1388 velocitas
886 1358 916 1388 A
930 1358 973 1394 D,

136 1410 194 1430 eeu
211 1400 238 1431 C
250 1400 290 1435 E,
306 1399 401 1440 plano
416 1399 570 1438 paralleln.
587 1399 641 1430 sed
655 1399 799 1430 velocitas
814 1399 976 1439 perpendi-

135 1441 251 1474 cularis
267 1443 294 1473 C
306 1442 353 1478 H,
369 1442 472 1472 minor
480 1442 538 1472 erit
545 1441 707 1472 velocitate
720 1443 754 1472 D
766 1442 802 1476 C,
819 1452 874 1472 seu
891 1442 922 1473 A
934 1443 974 1478 Β,

136 1491 170 1515 et
182 1484 338 1524 completo
359 1484 647 1525 parallelogrammo
671 1485 707 1515 H
721 1484 762 1520 E,
786 1484 899 1525 globus
922 1494 978 1524 per

133 1526 334 1568 diagonalem
350 1527 377 1558 C
390 1527 433 1564 G,
446 1526 571 1557 resiliet.

179 1573 230 1600 52.
252 1569 287 1600 si
300 1569 386 1610 globi
399 1579 464 1599 non
477 1568 594 1599 elastici
607 1568 642 1599 in
666 1578 700 1599 se
721 1567 835 1599 mutud
857 1568 973 1600 directe

135 1612 320 1653 impingant,
343 1611 500 1660 queritur
506 1610 633 1641 illorum
646 1617 751 1642 motus
765 1617 834 1650 post
847 1610 972 1642 conflic-

135 1660 229 1686 tum.
274 1657 354 1684 ..10
382 1653 500 1684 Globi
489 1663 524 1683 ιιι
538 1652 668 1684 eundem
682 1653 807 1694 plagam
820 1653 970 1690 ferantur,

138 1674 328 1737 subsequens
339 1695 515 1737 fugientem
529 1695 676 1736 impellet,
703 1695 803 1726 donec
825 1697 917 1727 anxbo
931 1696 972 1726 si-

169 1739 367 1779 ult-nquam
379 1748 482 1769 unum
495 1748 608 1788 corpus
630 1737 743 1769 eidem
756 1737 923 1770 directione
937 1748 973 1769 ac

133 1781 295 1812 velocitate
318 1780 472 1817 incedant,
502 1781 623 1833 eritque
646 1780 766 1823 (coroll.
791 1785 822 1812 3.
844 1781 971 1821 Neam.)

134 1828 259 1855 sumna
270 1823 479 1864 quantitatum
500 1823 604 1854 motus
624 1822 734 1854 eadem
757 1822 831 1854 ante
853 1829 885 1854 et
904 1830 974 1863 post

134 1866 338 1904 conflictum3
376 1866 552 1897 communis
586 1865 662 1918 crgo
694 1871 766 1905 post
792 1865 974 1897 conflictum

135 1908 280 1940 velocitas
311 1909 478 1945 invenitur,
515 1909 639 1939 summa
666 1908 876 1949 quantitatum
904 1918 971 1939 mo-

134 1951 187 1982 tus
213 1950 288 1982 ante
314 1950 495 1983 conflictum
529 1960 585 1990 per
617 1959 772 1981 summam
799 1961 972 1981 massarum

131 1993 230 2024 divisi
257 1994 347 2036 (6).
466 1994 531 2024 .20
570 1992 667 2025 Globi
691 1993 851 2024 contrariis
872 1993 971 2024 direc-

136 2036 274 2067 tiom'bus
301 2036 360 2067 sibi
381 2035 491 2067 motuo
518 2041 691 2072 occurrant,
727 2035 754 2066 si
781 2035 909 2076 aequalis
937 2036 971 2066 in

128 2084 268 2119 utroque
281 2078 377 2109 fuerit
389 2077 494 2109 motus
515 2078 680 2118 quantitas,
705 2084 777 2117 post
790 2077 972 2109 conflictum

131 2122 226 2152 ambo
239 2120 403 2161 quiescunt
417 2120 501 2161 (50).
523 2121 555 2151 Si
563 2130 636 2151 vero
642 2120 810 2170 inaequalcs
823 2120 885 2151 sint
898 2130 967 2151 mo-

132 2162 184 2194 tus
197 2162 392 2204 quantitates,
409 2172 463 2201 per
471 2162 650 2193 conflictum
658 2163 742 2193 extin
742 2163 892 2204 guiturin
903 2163 967 2193 sin-

132 2205 216 2246 gulis
229 2205 384 2245 quantitas
405 2204 510 2235 motus
523 2205 608 2245 globi
630 2173 765 2236 debilius
783 2205 861 2236 moti
878 2206 970 2278 Ε(50),

131 2254 164 2279 et
177 2249 270 2279 ambo
287 2247 382 2279 simul
405 2253 474 2286 post
486 2247 658 2286 impactum
681 2247 844 2278 communi
857 2258 877 2278 v

128 2296 196 2321 tate
206 2300 247 2321 nc
260 2289 430 2320 directione
443 2289 531 2338 quasi
545 2289 674 2320 unicum
685 2299 796 2328 corpus
809 2290 968 2330 progredi-

131 2334 238 2369 untur,
265 2337 372 2372 estque
385 2332 542 2373 quantitas
555 2331 661 2362 motus
675 2331 708 2361 in
728 2337 861 2371 utroque
875 2332 970 2362 simul

130 2375 263 2411 residua,
279 2374 461 2405 differentiae
471 2374 682 2415 quantitatum
691 2373 795 2404 motus
808 2373 880 2404 ante
894 2384 969 2404 con-

131 2416 253 2448 flictum
265 2417 393 2458 equalis
408 2416 527 2459 (coron.
541 2420 572 2448 3.
587 2416 703 2456 Newt.)
728 2416 816 2446 Hinc
826 2426 968 2446 commu-

131 2459 182 2490 nis
195 2465 263 2497 post
277 2459 457 2490 conflictum
471 2458 615 2490 velocitas
623 2459 763 2494 habetur,
780 2458 806 2488 si
822 2457 968 2489 differen-

131 2502 175 2532 tia
196 2501 251 2532 illa.
272 2502 481 2550 quantitatum
502 2500 608 2533 motus
629 2499 703 2532 ante
724 2500 905 2532 conflictum
927 2500 969 2532 ad

130 2554 287 2575 summam
310 2547 482 2575 massarum
503 2543 674 2584 applicetur
695 2543 757 2585 (6).
792 2543 834 2574 In
851 2544 912 2574 hoc
926 2554 964 2574 u-

130 2592 239 2627 troque
253 2597 327 2617 casu
341 2586 517 2617 communis
538 2592 608 2625 post
621 2585 800 2617 conflictum
822 2585 967 2616 velocitas

130 2628 263 2670 mglobi
276 2629 429 2670 cujusque
443 2638 575 2659 massam
590 2628 692 2665 ducta,
708 2634 755 2659 est
767 2627 852 2658 illius
866 2638 966 2677 quan-
1007 2649 1018 2659 .
1035 2649 1044 2658 .
1059 2650 1068 2658 .
1085 2649 1094 2658 .

130 2671 203 2702 titas
217 2671 321 2702 motus
334 2678 402 2709 post
415 2671 586 2710 impactum
597 2670 657 2712 (6),
673 2680 711 2700 ex
723 2670 784 2711 quii
796 2676 828 2701 et
840 2671 965 2711 quanti-

129 2718 193 2744 tate
203 2713 307 2744 motus
315 2713 454 2762 ejusdem
459 2713 544 2754 globi
553 2719 625 2743 ante
635 2723 694 2743 con
833 2715 964 2752 persub-

129 2755 474 2786 uactioneminveuitur
481 2755 655 2806 quantitas
651 2754 756 2786 motus
764 2765 798 2785 m
812 2755 960 2786 conflictu

129 2797 276 2838 acquisita.
287 2797 337 2829 vel
351 2798 476 2836 nnrissae
498 2798 572 2838 quia
586 2808 659 2828 vero
679 2797 714 2827 in
736 2797 823 2828 omni
850 2797 960 2839 globo-

129 2849 200 2869 rum
213 2850 278 2870 non
292 2840 487 2871 elasticonun
500 2839 646 2871 conflictu
654 2839 778 2875 directo,
794 2839 844 2870 vel
858 2846 963 2871 motus

128 2882 233 2912 omnis
246 2889 351 2918 cessat,
367 2882 418 2913 vel
431 2882 517 2923 globi
531 2888 601 2922 post
616 2882 787 2921 impactum
802 2883 962 2913 communi

127 2923 281 2954 celeritate
293 2925 447 2961 feruntur,
466 2924 667 2955 manifestum
681 2930 737 2961 est,
760 2925 960 2973 raepectivm

126 2965 291 3006 globorum
298 2967 489 2997 velocitatem
499 2976 555 3006 per
568 2966 748 2997 conflictum
762 2967 913 3015 extingui.

169 3011 220 3039 53.
244 3008 337 3039 Globi
351 3008 491 3040 elastici'
481 3019 517 3039 m
530 3019 563 3039 se
577 3008 712 3039 invicem
726 3008 863 3039 directe“
853 3019 959 3040 meur-

125 3056 204 3086 rant,
226 3050 375 3090 quaeritur
393 3061 502 3081 eorum
523 3057 627 3081 motus
640 3057 710 3090 post
731 3050 911 3082 conflictum
946 3073 955 3081 .

252 3114 262 3122 .
311 3096 355 3122 10.
385 3093 523 3124 Mutatio
531 3103 602 3133 quae
616 3103 654 3123 ex
668 3099 781 3124 mutuo
794 3103 959 3133 corporum

1022 1229 1178 1261 dezn'tutis
1190 1229 1384 1269 produceret,
1411 1230 1467 1278 (in
1481 1230 1659 1269 corporibus
1680 1232 1860 1284 imperfecte

1023 1271 1149 1303 tantum
1162 1272 1294 1303 elastic1s
1308 1271 1442 1303 mutatio
1454 1273 1554 1319 major
1577 1279 1625 1305 est
1637 1272 1733 1315 quam
1745 1275 1781 1306 in
1795 1286 1860 1307 non

1019 1314 1160 1351 dasdcis,
1191 1314 1247 1345 sed
1275 1314 1372 1354 dupla
1396 1314 1539 1364 minor.)
1587 1316 1673 1349 Nam
1700 1323 1803 1366 partes
1824 1319 1858 1349 in

1019 1363 1152 1397 utroque
1166 1366 1294 1396 corpore
1434 1357 1466 1387 vi
1479 1367 1518 1387 ex
1528 1357 1594 1389 ictu
1608 1359 1857 1398 comprimuntur

1020 1399 1117 1441 (Leg
1131 1398 1179 1436 3.)
1206 1398 1374 1440 Siccrpora
1389 1401 1476 1430 οιιιιιι
1466 1399 1858 1450 elateriodettituerentur

1017 1447 1088 1481 post
1101 1440 1280 1471 conflictum
1295 1444 1345 1470 vel
1369 1441 1572 1490 quiescerent,
1598 1442 1648 1472 vel
1671 1443 1707 1473 in
1726 1446 1859 1475 eandem

1018 1483 1144 1524 plagam
1158 1482 1319 1513 veloeitnte
1332 1483 1493 1514 communi
1510 1483 1769 1525 progrederentur
1784 1487 1857 1529 (52)

1018 1535 1077 1556 nec
1089 1531 1192 1575 partes
1205 1524 1295 1558 flexae
1309 1525 1559 1564 restituerentur,
1590 1526 1617 1557 si
1641 1534 1749 1558 autem
1771 1539 1858 1560 acce-

1013 1567 1068 1598 dat
1081 1568 1128 1598 vis
1152 1567 1286 1604 elastica,
1309 1573 1412 1607 partes
1433 1566 1524 1600 flexae
1546 1579 1612 1599 sese
1634 1570 1798 1602 restituent
1826 1572 1858 1602 vi

1014 1616 1047 1642 et
1099 1609 1268 1641 directione
1313 1610 1389 1659 (50)
1426 1620 1497 1650 quae
1539 1621 1661 1651 suuper
1705 1614 1859 1645 contraria

1014 1652 1072 1683 erit
1096 1652 1128 1683 vi
1157 1651 1381 1691 compressivae,
1413 1658 1445 1683 et
1466 1653 1501 1683 in
1520 1654 1699 1693 corporibus
1722 1656 1859 1696 perfecte

1014 1695 1146 1726 elasticis
1175 1695 1250 1726 huic
1280 1695 1415 1744 aequalis„
1446 1694 1481 1725 in
1515 1695 1585 1726 aliis
1618 1697 1743 1735 minor3
1776 1699 1858 1730 actio

1015 1737 1112 1778 igitur
1124 1747 1291 1776 corporum
1304 1737 1340 1767 in
1359 1747 1393 1767 se
1413 1736 1526 1768 mutuo
1556 1748 1596 1769 ex
1617 1738 1733 1770 elaterii
1768 1742 1858 1772 recti·

1015 1780 1137 1812 tutione
1145 1786 1222 1815 orta,
1245 1779 1359 1812 actioni
1368 1789 1406 1810 ex
1415 1780 1553 1819 impactu
1568 1781 1707 1812 nascenti
1729 1783 1858 1824 aequalis

1013 1828 1062 1853 est
1073 1822 1108 1853 in
1116 1821 1295 1862 corporibus
1306 1822 1442 1861 perfecte
1452 1822 1593 1859 elasticis,
1609 1823 1712 1854 minor
1724 1825 1759 1854 in
1776 1826 1854 1863 aliis,

1015 1875 1053 1896 ex
1062 1865 1175 1914 quibus
1185 1871 1218 1896 et
1226 1866 1308 1905 Lege
1317 1868 1354 1895 2⁸
1362 1871 1482 1896 constat
1495 1865 1581 1906 quod
1594 1873 1661 1896 erat
1671 1866 1771 1905 primo
1785 1879 1856 1907 pro-

1013 1908 1283 1948 positum..
1316 1911 1354 1938 2⁰
1389 1908 1530 1947 Corpora
1562 1908 1699 1981 perfecte
1730 1910 1856 1942 elastica

1014 1949 1125 1980 endem
1138 1929 1300 1981 veracitate
1309 1949 1478 1989 respectiva
1491 1956 1561 1989 post
1574 1950 1755 1983 conflictum
1769 1963 1856 1984 rece-

1014 1991 1105 2028 dunt,
1121 2003 1184 2042 qua
1196 1991 1270 2024 ante
1280 1991 1460 2023 conflictum
1475 1993 1516 2023 ad
1530 1997 1563 2023 se
1577 1993 1711 2024 invicem
1725 1996 1853 2027 accede-

1013 2036 1108 2074 bant3
1128 2035 1163 2065 in
1171 2035 1352 2074 corporibus
1365 2033 1438 2066 vero
1451 2035 1632 2075 imperfecte
1643 2035 1766 2068 tantum
1775 2038 1854 2069 elas-

1013 2077 1091 2114 ficis,
1115 2077 1260 2108 velocitas
1273 2077 1441 2116 respectiva
1480 2077 1522 2108 ua
1536 2084 1606 2117 post
1626 2078 1727 2110 ictum
1752 2079 1852 2112 disce-

1008 2119 1097 2156 dunt,
1107 2126 1155 2150 est
1167 2119 1208 2150 ad
1218 2119 1412 2150 velocitatem
1420 2088 1483 2161 qu}
1493 2119 1567 2151 ante
1577 2121 1677 2151 ictum
1686 2121 1728 2153 ad
1738 2133 1771 2153 se
1778 2133 1853 2154 mu-

1008 2161 1065 2194 tuo
1073 2161 1268 2199 accedebant,
1291 2162 1324 2192 in
1333 2162 1452 2193 ratione
1466 2163 1512 2193 vis
1526 2163 1706 2195 restitutivae
1720 2165 1761 2195 ad
1785 2166 1851 2196 vim

1012 2204 1269 2245 comprensivam;
1292 2215 1367 2235 nam
1380 2203 1475 2235 cum
1465 2215 1498 2235 ιιι
1512 2204 1659 2236 conflictu
1683 2217 1851 2247 corporum

1012 2257 1078 2278 non
1089 2247 1284 2288 clasticorum
1310 2247 1413 2277 omnis
1426 2247 1571 2278 velocitas
1593 2250 1770 2298 respectiva,
1787 2261 1851 2291 qua

1011 2289 1053 2320 ad
1066 2300 1099 2320 se
1113 2285 1226 2321 mutuo
1236 2289 1430 2325 accedebant,
1447 2289 1625 2320 destruatur
1633 2301 1671 2321 ex
1686 2291 1752 2322 ictu
1763 2293 1848 2333 (52),

1010 2332 1112 2372 sitque
1124 2332 1171 2362 vis
1185 2332 1356 2362 restitutiva
1369 2331 1486 2362 elaterii
1505 2332 1633 2371 perfecti
1646 2333 1677 2362 vi
1692 2343 1850 2373 compres-

1011 2373 1084 2404 εἰναι
1098 2374 1226 2414 aequalis
1236 2380 1268 2404 et
1281 2374 1442 2408 contraria,
1459 2374 1659 2404 manifestum
1676 2382 1723 2405 est
1731 2376 1765 2405 in
1779 2387 1848 2407 cor-

1010 2425 1122 2455 porum
1135 2414 1270 2455 perfecte
1279 2415 1477 2446 elasticorum
1486 2415 1641 2452 conflictu,
1654 2417 1850 2450 velocitatem

1010 2457 1209 2497 respectivam
1224 2468 1261 2488 ex
1277 2457 1343 2487 solo
1362 2457 1498 2496 impactu
1513 2457 1667 2493 amissam,
1693 2466 1766 2490 con
1755 2461 1849 2492 rarin

1010 2500 1179 2531 directione
1192 2499 1333 2537 restitui,
1355 2499 1389 2529 in
1397 2499 1576 2538 corporibus
1584 2499 1656 2531 vero
1667 2501 1847 2541 imperfecte

1009 2542 1142 2574 elasticis
1155 2552 1226 2573 eam
1240 2540 1365 2572 tantum
1383 2541 1503 2572 restitui
1518 2541 1687 2574 velocitatis
1700 2546 1847 2585 respecti

1008 2595 1055 2616 vae
1068 2591 1197 2625 partem,
1213 2595 1283 2624 quae
1297 2590 1343 2614 est
1356 2584 1388 2614 vi
1410 2583 1590 2615 restitutivae
1609 2587 1848 2625 proportionalis

1132 2631 1180 2658 30.
1205 2627 1252 2658 Ut
1264 2626 1362 2667 igitur
1375 2636 1540 2665 corporum
1554 2627 1690 2666 perfecte
1705 2628 1846 2662 elastico-

1006 2680 1080 2701 rum
1093 2675 1198 2700 motus
1210 2675 1281 2709 post
1295 2668 1476 2699 conflictum
1490 2668 1667 2700 directum*
1657 2672 1841 2709 mveniatur,

1007 2712 1240 2744 considerentur
1254 2721 1381 2750 corpora
1390 2717 1539 2752 tanquam
1551 2712 1636 2741 omni
1645 2713 1769 2744 elaterio
1778 2717 1847 2747 des-

1003 2755 1106 2791 tituta,
1123 2761 1156 2785 et
1165 2754 1200 2784 in
1215 2764 1252 2785 ea
1274 2753 1439 2802 hypothesi
1453 2760 1611 2794 quaeratur
1625 2757 1697 2797 (52)
1719 2759 1845 2797 quanti..

1002 2804 1050 2828 tas
1063 2796 1168 2828 motus
1183 2807 1222 2827 ex
1236 2796 1407 2827 conflictu
1397 2806 1431 2826 ιιι
1446 2805 1636 2837 unoquoque
1649 2807 1776 2838 corpore
1791 2811 1843 2831 ac-

1003 2840 1117 2880 quisita
1139 2839 1190 2869 vel
1211 2838 1325 2869 amissa
1350 2837 1524 2868 secundum
1549 2849 1617 2870 eam
1640 2838 1843 2873 directionem

1004 2893 1085 2933 qua
1090 2892 1202 2921 corpus
1221 2887 1293 2911 ante
1313 2879 1493 2910 conflictum
1515 2882 1707 2918 movebatur,
1733 2884 1843 2916 eadem

1002 2923 1107 2955 motus
1128 2923 1285 2964 quantitas
1313 2922 1479 2961 duplicata,
1509 2922 1568 2955 erit
1586 2925 1745 2975 quantitas
1773 2938 1842 2958 mo.

1001 2966 1053 2997 tus
1073 2967 1110 2996 in
1146 2975 1272 3004 corpore
1302 2963 1437 3003 perfecte
1473 2964 1598 2998 elastico
1619 2968 1726 3018 aqquis
1712 2968 1770 2999 sita
1793 2970 1842 3002 vel

1001 3008 1123 3044 amissa,
1149 3018 1221 3048 quae
1235 3006 1364 3046 proinde
1389 3007 1554 3047 quantitati
1577 3009 1683 3041 motus
1705 3013 1841 3051 corporis

1002 3050 1076 3081 ante
1090 3049 1271 3081 conflictum
1287 3048 1393 3079 addita
1405 3049 1456 3080 vel
1465 3048 1599 3090 dempta,
1617 3051 1670 3082 dat
1684 3055 1839 3093 quantita-

1003 3099 1068 3123 tem
1079 3091 1185 3123 motus
1206 3091 1292 3121 illius
1306 3090 1441 3130 corporis
1454 3098 1524 3132 post
1546 3093 1725 3125 conflictum
1747 3118 1756 3126 .
1775 3118 1783 3126 .

123 3113 259 3174 perfec-te
280 3133 474 3165 elasticorum
489 3133 634 3165 conflictu
655 3135 690 3164 in
713 3134 873 3183 utriusque
887 3145 954 3165 cor·
994 3139 1042 3166 40.
1074 3136 1249 3173 Corporum
1259 3132 1643 3172 imperfecteelasncomm
1656 3144 1761 3168 motus
1769 3146 1838 3178 post

123 3177 205 3215 poris
219 3183 307 3208 motu
320 3176 464 3212 nascitur,
489 3176 586 3217 dupla
599 3182 645 3207 est
659 3177 839 3208 mutationis
860 3187 956 3218 quam

998 3177 1179 3208 conflictum
1195 3175 1360 3213 invenitur,
1376 3175 1402 3206 si
1416 3176 1489 3208 data
1502 3177 1542 3209 sit
1563 3179 1642 3210 ratio
1655 3179 1701 3211 vis
1714 3181 1838 3212 restitu-

944 3235 1009 3264 Β4
