2086 3542
162 232 309 272 tumn
333 198 550 280 anusss]
613 227 931 269 PRINCIPIA
977 227 1470 272 MATHEMATICA.
1787 235 1867 282 ρο]

149 354 360 389 secantem
379 345 615 386 demittatur
633 343 990 398 perpendiculum,
1023 352 1064 385 et
1081 344 1425 399 perpendiculum
1454 346 1556 387 illud
1578 346 1660 388 una
1692 362 1787 389 cum
1807 362 1869 389 se-

153 425 270 459 cante
307 415 539 458 revolvatur
577 414 686 455 circa
719 415 876 469 polum,
907 415 1217 457 intersectiones
1253 416 1416 470 spiralis
1465 417 1701 459 transibunt
1739 419 1784 459 in
1824 434 1868 460 se

151 497 309 538 mutuo,
345 500 517 542 quaeque
532 485 668 540 prima
686 492 775 526 erat
795 500 868 526 seu
886 485 1092 540 proxima,
1114 494 1211 541 post
1229 501 1353 527 unam
1368 487 1667 528 revolutionem
1689 488 1865 529 secunda

151 560 242 610 erit,
272 564 368 613 post
389 556 491 597 duas
511 555 644 606 tertia,
668 563 710 597 et
737 555 795 596 sic
815 555 1034 610 deinceps:
1066 571 1144 598 nec
1170 557 1330 598 interea
1346 558 1572 598 mutabitur
1591 558 1768 614 aequatio
1788 559 1867 599 nisi
1899 543 1905 556 x

149 644 227 685 pro
245 627 401 670 mutata
420 626 704 684 magnitudine
725 627 1000 682 quantitatum
1033 641 1109 682 per
1138 643 1239 683 quas
1273 628 1429 683 positio
1464 629 1637 669 secantis
1672 627 1866 670 determi—

149 695 282 759 natur.
345 698 472 741 Unde
493 712 588 739 cum
608 698 855 754 quantitates
875 697 959 738 illae
979 696 1074 752 post
1107 698 1288 755 singulas
1308 699 1584 741 revolutiones
1619 699 1794 742 redeunt
1814 700 1867 741 ad

150 769 454 828 magnitudines
478 769 645 824 primas,
679 769 857 824 aequatio
890 768 1042 810 redibit
1072 769 1126 810 ad
1157 769 1332 811 formam
1362 771 1551 825 primam,
1588 771 1764 827 ideoque
1785 786 1868 812 una

151 843 378 898 eademque
417 841 630 901 exhibebit
654 841 962 882 intersectiones
1009 856 1164 892 omnes,
1197 851 1238 883 et
1249 851 1469 897 propterea
1503 843 1660 884 radices
1699 843 1868 885 habebit

153 930 324 956 numero
345 915 538 964 infinitas,
571 913 719 969 quibus
739 927 883 953 omnes
905 912 1091 953 exhiberi
1110 921 1294 968 possunt.
1355 914 1509 969 Nequit
1543 929 1644 971 ergo
1672 915 1867 956 intersec—

151 987 209 1028 tio
231 995 352 1027 rectae
372 994 412 1026 et
431 984 590 1039 spiralis
610 997 686 1038 per
706 983 981 1040 aequationem
1001 983 1160 1024 finitam
1179 984 1427 1041 generaliter
1440 985 1629 1036 inveniri,
1652 993 1694 1027 et
1713 985 1867 1026 idcirco

152 1058 264 1098 nulla
295 1065 407 1098 extat
438 1056 564 1097 ovalis
585 1056 700 1110 cujus
737 1069 845 1105 area,
877 1055 1000 1096 rectis
1019 1055 1230 1110 imperatis
1259 1056 1447 1107 abscissa,
1478 1057 1608 1112 possit
1641 1071 1717 1112 per
1742 1057 1867 1098 talem

151 1127 421 1184 aequationem
453 1125 700 1183 generaliter
720 1124 922 1166 exhiberi.

209 1197 258 1254 (¹¹)
289 1197 450 1239 Eodem
479 1205 736 1254 argumento,
769 1197 802 1237 si
834 1197 1095 1238 intervalium
1124 1198 1212 1253 poli
1243 1205 1285 1240 et
1309 1199 1466 1254 puncti,
1497 1213 1580 1255 quo
1607 1199 1768 1255 spiralis
1796 1199 1868 1241 de-

151 1271 355 1320 scribitur,
377 1270 563 1324 capiatur
579 1269 721 1311 Ovalis
741 1269 965 1323 perimetro
984 1269 1174 1311 abscissae
1188 1271 1510 1326 proportionale,
1540 1271 1713 1326 probari
1731 1279 1871 1326 potest

151 1342 264 1398 quod
311 1340 527 1398 longitudo
565 1339 777 1394 perimetri
810 1340 954 1395 nequit
1007 1355 1083 1396 per
1121 1341 1282 1382 finitam
1314 1342 1590 1398 aequationem
1622 1342 1869 1398 generaliter

152 1412 353 1455 exhiberi.
397 1412 439 1467 (¹)
471 1412 540 1453 De
574 1410 758 1451 ovalibus
778 1419 916 1452 autem
947 1410 1016 1453 hic
1037 1411 1185 1468 loquor
1205 1427 1298 1469 quae
1317 1427 1403 1455 non
1440 1421 1667 1470 tanguntur
1685 1428 1711 1455 a
1725 1413 1868 1470 figuris

150 1483 377 1541 conjugatis
397 1483 441 1524 in
460 1482 668 1523 infinitum
682 1482 963 1539 pergentibuS.

147 1624 186 1645 nc
194 1612 322 1653 proinde.
330 1618 399 1652 post
408 1612 547 1653 singulas
560 1611 691 1642 redeunt
699 1611 738 1642 ad
744 1611 975 1652 magnitudines

149 1657 262 1696 primas
277 1656 303 1686 F
316 1656 347 1692 S,
363 1655 389 1685 F
399 1655 426 1685 P
435 1654 646 1686 intersectione
655 1654 753 1693 prima
761 1654 794 1683 in
808 1654 975 1685 secundam

149 1704 336 1733 transeunte,
360 1697 494 1728 secunda
508 1697 541 1726 in
563 1697 695 1730 tertiam.
716 1702 748 1727 et
761 1697 804 1727 sic
819 1697 974 1736 deinceps,

149 1741 282 1782 aequatio
304 1741 384 1771 inter
409 1740 420 1769 1
441 1740 459 1770 1
477 1740 525 1777 M,
547 1739 597 1770 vel
615 1740 642 1770 P
658 1740 707 1775 M,
730 1745 761 1769 et
786 1739 871 1770 datas
891 1739 920 1770 P
937 1739 975 1776 F,

152 1785 180 1816 P
198 1785 227 1820 S.
253 1784 274 1814 S
299 1783 334 1821 F,
357 1782 468 1813 redibit
495 1782 536 1813 ad
563 1781 694 1813 formam
723 1783 855 1820 primam
883 1792 977 1822 quam

149 1842 280 1871 nabebat
291 1839 422 1880 aequatio
437 1838 516 1868 inter
534 1838 550 1868 1
568 1842 621 1873 m,
638 1836 687 1867 vel
699 1835 727 1867 P
740 1842 792 1871 m,
810 1842 842 1866 et
853 1835 978 1866 easdem

150 1888 235 1919 datas
249 1885 433 1926 quantitates
450 1885 478 1915 P
492 1885 526 1920 F,
553 1885 582 1915 P
599 1884 630 1919 S,
649 1883 671 1913 S
696 1883 732 1922 F,
755 1882 893 1923 adeoque
914 1892 979 1912 una

149 1930 317 1969 eademque
342 1927 475 1968 aequatio
490 1927 645 1957 exhibebit
658 1926 888 1957 intersectiones
909 1934 978 1954 om-

150 1994 205 2015 nes
232 1983 259 2019 1,
277 1982 295 2012 1
310 1982 339 2018 Ι,
362 1982 418 2011 &c.
445 1991 501 2011 seu
530 1981 648 2011 valores
676 1979 694 2010 1
710 1985 761 2017 m,
780 1981 798 2011 Ι
812 1980 830 2010 1
850 1979 898 2014 M,
921 1979 982 2009 &c-

149 2031 310 2072 propterea
323 2031 440 2062 radices
454 2031 608 2061 exhibebit
622 2039 753 2060 numero
767 2027 903 2058 infinitas
917 2025 987 2067 qui-

149 2076 211 2106 bus
227 2084 336 2106 omnes
351 2074 486 2104 exhiberi
502 2078 639 2113 possunt.

195 2117 243 2158 (Κ)
268 2119 285 2136 ⁴*
312 2116 363 2147 Ea
391 2116 475 2146 enim
502 2116 621 2146 ratione
650 2114 769 2153 spiralis
798 2112 985 2144 describetur

150 2160 236 2201 gyris
250 2159 379 2189 infinitis
393 2158 433 2189 ad
446 2168 542 2199 quam
556 2156 684 2196 proinde
700 2157 831 2198 aequatio
846 2155 904 2185 erit
925 2165 985 2184 nu.-

150 2212 238 2234 mero
262 2201 491 2232 dimensionum
513 2201 644 2237 infinita,
665 2209 736 2240 quae
755 2198 880 2239 quidem
895 2197 986 2227 finita

149 2244 274 2276 deberet
287 2255 361 2279 esse,
389 2244 414 2274 si
442 2242 608 2284 longitudo
638 2241 793 2281 perimetri
818 2240 914 2271 uvalis
928 2249 984 2278 pro
996 2235 1042 2281 A

148 2287 250 2318 lubitu
265 2287 395 2318 abscissa
408 2297 462 2317 seu
491 2285 689 2316 intervallum
712 2283 820 2323 puncti
842 2282 986 2321 spiralem

149 2329 346 2360 describentis
360 2336 391 2360 et
404 2329 478 2368 poli,
500 2338 555 2367 per
566 2328 686 2358 finitam
707 2325 913 2367 aequationem
929 2334 983 2365 ge-

148 2372 291 2404 neraliter
305 2372 441 2403 exhiberi
457 2377 566 2410 posset.

193 2415 232 2457 (¹)
257 2418 275 2435 ¹*
301 2415 434 2446 Ovalem
450 2414 482 2444 A
500 2414 528 2444 B
545 2414 570 2444 C
589 2413 622 2443 D
645 2417 753 2453 tangat
778 2411 811 2441 in
837 2410 864 2440 C
891 2419 985 2440 curva

148 2458 313 2498 conjugata
325 2459 346 2488 b
364 2457 390 2488 C
405 2457 435 2494 d,
459 2457 549 2497 cujus
559 2455 636 2486 rami
654 2456 680 2486 C
691 2456 722 2492 b,
748 2454 774 2485 C
789 2453 810 2484 d
832 2453 865 2482 in
880 2452 985 2482 infini-

148 2507 218 2530 tum
238 2506 378 2541 pergant,
404 2509 461 2538 pro
474 2498 653 2539 hujusmodi
667 2497 806 2528 ovalibus
825 2505 889 2525 non
904 2494 986 2524 valet

151 2541 185 2574 N
186 2554 311 2573 ewroui
340 2541 566 2573 demonstratio.
616 2539 770 2580 Supponit
792 2538 875 2569 enim
906 2536 987 2567 circa

149 2592 302 2624 punctum
313 2585 421 2615 datum
436 2585 470 2614 in
485 2581 564 2614 ouali
579 2581 728 2622 perpetuo
742 2580 857 2612 revolvi
872 2580 988 2610 lineam

149 2633 263 2658 rectam
284 2627 433 2658 uniformi
448 2637 521 2657 cum
535 2632 624 2656 motu
645 2636 715 2665 quae
729 2625 769 2655 sit
791 2623 832 2654 ad
848 2623 988 2662 periphe-

149 2669 227 2700 riam
241 2670 336 2700 ovalis
350 2669 522 2706 terminata,
539 2677 569 2699 et
580 2668 739 2699 abscindat
754 2677 839 2698 areas
853 2665 909 2696 sibi
919 2675 991 2704 pro-

149 2712 333 2751 portionales
342 2725 352 2750 ;
375 2713 401 2742 si
429 2719 533 2742 autem
556 2711 652 2741 ovalis
679 2716 830 2750 tangatur
843 2719 863 2739 a
890 2706 991 2748 figura

149 2754 315 2795 conjugata
329 2757 350 2786 b
367 2756 393 2786 C
409 2754 440 2791 d,
463 2755 552 2796 cujus
576 2754 655 2784 rami
680 2753 714 2783 in
740 2751 903 2782 infinitum
924 2759 995 2789 per-

149 2802 240 2836 gunt,
263 2797 387 2828 evidens
401 2803 447 2827 est
460 2796 543 2827 linea
557 2796 639 2826 recta
655 2794 736 2826 intra
750 2794 869 2825 ovalem
884 2792 983 2823 revol-

149 2843 241 2868 vente
268 2849 332 2869 non
359 2840 495 2878 percurri
523 2845 621 2870 totam
647 2849 734 2869 novae
754 2838 848 2878 hujus
873 2836 983 2876 figurae

150 2890 262 2917 mam,
284 2891 341 2911 ¹1oe
355 2881 438 2921 gyris
450 2881 605 2922 perpetuis
619 2892 655 2912 ac
669 2880 797 2911 infinitis
810 2878 982 2919 simplicem

150 2922 292 2962 spiralem
305 2923 442 2955 describi.
