2158 3562
285 250 375 290 xxii
1001 251 1300 295 EDITORIS

284 359 350 401 vel
369 359 549 415 maxime
569 361 903 404 concesserimus.
965 363 1064 406 Non
1084 372 1222 407 autem
1242 362 1530 406 concedimus:
1560 371 1773 422 nequeunt
1791 365 1903 408 enim
1923 365 1996 408 illo

283 438 407 485 pacto
425 430 703 486 phaenomena
720 447 798 488 per
817 433 992 477 vortices
1013 434 1234 490 explicari3
1266 434 1380 491 quod
1399 435 1452 476 ab
1479 443 1647 478 auctore
1666 444 1810 479 nostro
1830 437 1996 480 abunde

285 501 453 558 quidem
479 511 522 544 et
547 503 785 546 clarissimis
814 505 1047 547 rationibus
1074 505 1275 547 evincitur
1286 521 1299 556 ;
1331 513 1379 547 ut
1408 506 1563 548 somnis
1592 505 1687 562 plus
1716 507 1839 564 aequo
1858 508 1996 564 indul-

282 581 409 630 geant
442 581 646 629 oporteat,
683 575 755 631 qui
787 575 1045 631 ineptissimo
1079 575 1280 633 figmento
1314 577 1591 629 resarciendo,
1632 578 1831 636 novisque
1868 579 1997 636 porro

284 645 526 686 commentis
547 645 736 687 ornando
751 646 956 688 infelicem
975 661 1147 702 operam
1175 647 1387 691 addicunt.

284 748 292 773 r*
345 716 391 759 Si
406 731 582 772 corpora
599 717 862 773 planetarum
882 727 923 760 et
943 725 1199 759 cometarum
1219 718 1329 760 circa
1348 718 1479 760 solem
1508 718 1747 762 deferantur
1778 736 1803 762 a
1833 721 1998 763 vortici-

283 790 384 840 bus;
400 799 580 846 ‚oportet
599 792 775 847 corpora
794 776 930 834 delata
950 800 992 834 et
1010 792 1213 833 vorticum
1233 798 1372 846 partes
1391 791 1583 846 proxime
1607 792 1833 834 ambientes
1852 793 1998 853 eadem

225 887 231 898 =
282 861 501 903 velocitate
514 862 743 919 eademque
764 862 909 905 cursus
926 863 1268 905 determinatione
1288 863 1460 913 moveri,
1483 870 1524 904 et
1539 861 1714 904 eandem
1727 863 1883 905 habere
1895 862 1998 905 den-

282 933 445 976 sitatem
465 934 531 976 vel
559 935 735 977 eandem
754 936 839 977 vim
854 936 1014 978 inertiae
1045 950 1123 990 pro
1153 935 1263 977 mole
1283 935 1480 977 materiae.
1543 934 1718 977 Constat
1736 935 1836 978 vero
1855 936 1999 992 plane-

282 1011 345 1045 tas
365 1011 408 1046 et
429 1011 627 1055 cometas,
658 1004 760 1047 dum
779 1014 997 1048 versantur
1017 1006 1061 1046 in
1084 1005 1233 1047 iisdem
1259 1005 1499 1063 regionibus
1530 1005 1744 1057 ooelorum,
1772 1006 1999 1049 velocitati-

281 1077 360 1118 bus
393 1077 536 1119 variis,
555 1078 754 1134 variaque
789 1078 934 1120 cursus
967 1078 1311 1120 determinatione
1326 1101 1328 1103 ·
1346 1078 1518 1119 moveri.
1579 1077 1827 1119 Necessario
1861 1078 2001 1136 itaque

281 1148 482 1204 sequitur,
515 1158 562 1190 ut
587 1149 707 1190 fluidi
728 1149 907 1191 coelestis
936 1157 1075 1204 partes
1095 1149 1193 1200 illoe,
1225 1163 1319 1205 quae
1350 1157 1446 1190 sunt
1472 1148 1526 1190 ad
1556 1148 1723 1190 easdem
1742 1148 1955 1191 distantias
1975 1148 2001 1192 a'

281 1218 381 1269 sole,
404 1218 674 1260 revolvantur
695 1219 844 1260 eodem
863 1228 1051 1274 tempore
1070 1220 1114 1259 in
1133 1219 1278 1276 plagas
1299 1219 1482 1262 diversas
1503 1234 1597 1260 cum
1614 1219 1786 1260 diversis
1806 1219 2000 1263 velocita-

279 1291 417 1333 tibus:
450 1291 604 1333 etenim
632 1290 711 1333 alia
733 1306 839 1347 opus
870 1292 948 1333 erit
978 1291 1205 1333 directione
1230 1300 1272 1333 et
1298 1292 1527 1342 velocitate,
1559 1300 1606 1334 ut
1634 1293 1811 1335 transire
1839 1283 2002 1348 possint

278 1362 461 1419 planetae
472 1378 485 1412 ;
518 1362 613 1413 alifi,
636 1373 683 1404 ut
697 1363 874 1404 transire
890 1363 1052 1418 possint
1068 1371 1255 1405 cometae.
1317 1364 1447 1412 Quod
1467 1362 1563 1404 cum
1579 1364 1778 1419 explicari
1797 1372 1999 1421 nequeat-3

279 1434 346 1476 vel
368 1434 586 1476 fatendum
607 1434 698 1485 erit,
728 1434 923 1476 universa
953 1449 1133 1489 corpora
1163 1434 1348 1476 coelestia
1376 1449 1462 1476 non
1490 1433 1641 1476 deferri
1662 1450 1686 1476 a
1705 1435 1877 1477 materia
1905 1450 2000 1477 vor-

278 1508 370 1550 ticis
382 1524 395 1558 3
425 1507 492 1550 vel
513 1507 741 1550 dicendum
762 1509 854 1559 erit,
888 1508 1119 1550 eorundem
1149 1515 1288 1548 motus
1319 1507 1569 1562 repetendos
1596 1521 1687 1549 esse
1717 1522 1804 1549 non
1831 1507 1885 1549 ab
1914 1522 2001 1551 uno

279 1581 510 1638 eodemque
530 1582 700 1633 vortice,
734 1582 812 1624 sed
833 1598 859 1623 a
877 1581 1070 1637 pluribus
1102 1581 1174 1637 qui
1204 1580 1257 1621 ab
1287 1579 1465 1621 invicem
1495 1578 1647 1621 diversi
1678 1578 1773 1629 sint,
1804 1579 2000 1638 idemque

279 1655 460 1710 spatium
481 1656 559 1697 soli
579 1657 894 1712 circumjectum
913 1654 1158 1710 pervadant.

341 1727 388 1769 Si
423 1727 566 1782 plures
588 1727 765 1769 vortices
788 1727 832 1768 in
852 1726 1001 1768 eodem
1022 1725 1155 1781 spatio
1183 1723 1399 1775 contineri,
1431 1731 1473 1765 et
1499 1737 1589 1765 sese
1614 1721 1760 1764 mutuo
1779 1729 1999 1778 penetrare

279 1799 544 1856 motibusque
560 1799 732 1841 diversis
747 1799 904 1841 revolvi
924 1806 1158 1854 ponantur3
1189 1797 1386 1854 quoniam
1399 1796 1446 1837 hi
1461 1803 1598 1838 motus
1613 1795 1770 1838 debent
1784 1810 1875 1838 esse
1897 1810 1998 1838 con-

278 1871 433 1914 formes
454 1871 691 1914 delatorum
720 1887 944 1928 corporum
964 1871 1160 1922 motibus,
1183 1871 1254 1927 qui
1274 1877 1372 1912 sunt
1400 1869 1560 1911 summe
1581 1869 1810 1927 regulares,
1840 1877 1882 1911 et
1900 1883 1998 1925 per-

279 1948 463 1999 aguntur
483 1942 528 1984 in
544 1941 797 1984 sectionibus
828 1942 983 1983 conicis
1013 1956 1127 1983 nunc
1156 1939 1277 1983 valde
1307 1940 1560 1991 eccentricis,
1592 1954 1706 1981 nunc
1735 1939 1790 1981 ad
1822 1939 2005 1981 circulo-'

279 2030 373 2056 rum
393 2015 586 2071 proxime
607 2016 784 2058 formam
800 2014 1093 2057 accedentibus
1109 2030 1120 2064 3
1146 2014 1242 2069 jure
1258 2012 1530 2069 quaerendum
1545 2012 1635 2062 erit,
1654 2011 1725 2069 qui
1740 2011 1832 2053 fieri
1849 2011 1995 2067 possit,

280 2093 327 2128 ut
346 2086 475 2128 iidem
494 2087 647 2145 integri
668 2093 965 2130 conserventur
994 2100 1072 2127 nec
1104 2084 1157 2126 ab
1177 2083 1410 2126 actionibus
1431 2082 1615 2125 materiae
1635 2082 1890 2124 occursantis
1921 2097 1998 2144 per

278 2167 341 2202 tot
361 2159 516 2201 saecula
536 2160 761 2216 quicquam
784 2159 1096 2215 perturbentur.
1160 2156 1269 2200 Sane
1291 2157 1326 2198 si
1345 2164 1483 2198 motus
1510 2155 1556 2196 hi
1586 2155 1719 2197 fictitii
1747 2163 1845 2197 sunt
1861 2155 1997 2213 magis

279 2234 497 2288 compositi
528 2242 570 2276 et
599 2233 805 2275 difficilius
836 2232 1110 2288 explicantur,
1143 2229 1270 2287 quam
1298 2229 1386 2271 veri
1415 2224 1479 2269 illi'
1505 2236 1643 2269 motus
1672 2227 1934 2284 planetarum
1954 2235 1997 2269 et

279 2313 533 2348 cometarum
545 2323 557 2357 ;
588 2306 742 2350 frustra
772 2305 876 2348 mihi
895 2305 1090 2347 videntur
1121 2303 1165 2344 in
1193 2300 1504 2358 philosophiam
1530 2299 1685 2355 recipi:
1717 2299 1852 2340 omnis
1883 2299 1995 2359 enim

280 2392 402 2419 causa
431 2376 557 2420 debet
587 2392 677 2420 esse
710 2377 859 2420 effectu
891 2392 968 2419 suo
1002 2374 1239 2431 simplicior.
1303 2373 1513 2414 Concessa
1545 2370 1779 2412 fabularum
1810 2370 1991 2422 licentia,

280 2449 546 2492 affirmaverit
565 2449 712 2506 aliquis
745 2450 932 2505 planetas
954 2462 1098 2491 omnes
1126 2454 1168 2489 et
1191 2450 1372 2487 cometas
1397 2441 1664 2499 circumcingi
1688 2441 1991 2498 atmosphaeris,

280 2522 485 2564 adinstar
505 2521 666 2564 telluris
685 2529 839 2565 nostrae
851 2538 863 2572 3
895 2536 989 2578 quae
1020 2519 1188 2577 quidem
1214 2515 1457 2573 hypothesis
1477 2514 1627 2556 rationi
1654 2514 1787 2572 magis
1818 2530 1993 2558 consen-

281 2603 402 2636 tanea
421 2595 629 2636 videbitur
656 2608 782 2651 quam
807 2592 1049 2650 hypothesis
1078 2586 1294 2632 vorticum.
1356 2586 1638 2630 Affirmaverit
1657 2586 1808 2628 deinde
1828 2586 1903 2629 has
1930 2596 1992 2630 at-

280 2665 549 2720 mosphaeraS‚
583 2680 637 2707 ex
655 2663 804 2707 natura
827 2663 915 2714 sua,
948 2663 1059 2705 circa
1088 2661 1218 2703 solem
1234 2658 1395 2701 'moveri
1417 2666 1458 2700 et
1487 2658 1690 2700 sectiones
1721 2658 1886 2700 conicas
1917 2659 1991 2702 de—

282 2738 461 2787 scribere
473 2755 484 2788 ;
516 2740 587 2795 qui
617 2738 716 2781 sane
735 2745 873 2781 motus
897 2735 1029 2780 multo
1049 2733 1209 2778 facilius
1237 2732 1400 2788 concipi
1418 2739 1568 2798 potest,
1605 2729 1730 2788 quam
1765 2732 1990 2776 consimilis

282 2818 419 2852 motus
450 2812 653 2853 vorticum
693 2827 737 2854 se
765 2811 941 2853 invicem
972 2807 1287 2867 permeant-ium.
1348 2803 1542 2861 Denique
1576 2803 1762 2860 planetas
1796 2804 1908 2859 ipsos
1949 2813 1991 2848 et

283 2892 463 2926 cometas
491 2883 600 2924 circa
620 2884 750 2926 solem
771 2882 924 2925 deferri
944 2881 996 2924 ab
1017 2879 1305 2936 atmosphaeris
1326 2878 1409 2919 suis
1431 2876 1686 2919 credendum
1708 2891 1799 2918 esse
1820 2885 1988 2941 statuat,
2011 2895 2015 2899 ’

282 2965 324 3002 et
339 2957 398 3005 >ob
418 2963 599 3012 repertas
620 2964 807 3010 motuum
829 2955 1056 2998 coelestium
1077 2968 1218 2996 causas
1239 2950 1498 3007 triumphum
1528 2958 1634 3007 agat.
1697 2949 1897 3007 Quisquis
1918 2966 1991 3006 auf·
2010 2966 2014 2972 ⁴
