<?xml version="1.0" encoding="UTF-8"?>
<!DOCTYPE html PUBLIC "-//W3C//DTD XHTML 1.0 Transitional//EN"
    "http://www.w3.org/TR/xhtml1/DTD/xhtml1-transitional.dtd">
<html xmlns="http://www.w3.org/1999/xhtml" xml:lang="en" lang="en">
 <head>
  <title>
</title>
<meta http-equiv="Content-Type" content="text/html;charset=utf-8" />
  <meta name='ocr-system' content='tesseract 3.04.00' />
  <meta name='ocr-capabilities' content='ocr_page ocr_carea ocr_par ocr_line ocrx_word'/>
</head>
<body>
  <div class='ocr_page' id='page_1' title='image "./philosophiaenatu01newtuoft_0014.png"; bbox 0 0 2158 3562; ppageno 0'>
   <div class='ocr_carea' id='block_1_1' title="bbox 658 666 1630 737">
    <p class='ocr_par' dir='ltr' id='par_1_1' title="bbox 658 666 1630 737">
     <span class='ocr_line' id='line_1_1' title="bbox 658 666 1630 737; baseline 0.003 -21"><span class='ocrx_word' id='word_1_1' title='bbox 658 666 1114 717; x_wconf 81' lang='lat' dir='ltr'><strong>AUCTORIS</strong></span> <span class='ocrx_word' id='word_1_2' title='bbox 1151 666 1630 737; x_wconf 82' lang='lat' dir='ltr'><strong>PRAEFATIO</strong></span> 
     </span>
    </p>
   </div>
   <div class='ocr_carea' id='block_1_2' title="bbox 1127 841 1172 862">
    <p class='ocr_par' dir='ltr' id='par_1_2' title="bbox 1127 841 1172 862">
     <span class='ocr_line' id='line_1_2' title="bbox 1127 841 1172 862; baseline 0 0"><span class='ocrx_word' id='word_1_3' title='bbox 1127 841 1172 862; x_wconf 66' lang='lat' dir='ltr'><strong>AB</strong></span> 
     </span>
    </p>
   </div>
   <div class='ocr_carea' id='block_1_3' title="bbox 822 937 1435 1054">
    <p class='ocr_par' dir='ltr' id='par_1_3' title="bbox 822 937 1435 1054">
     <span class='ocr_line' id='line_1_3' title="bbox 822 937 1435 1054; baseline 0.002 -3"><span class='ocrx_word' id='word_1_4' title='bbox 822 937 825 940; x_wconf 87' lang='lat'><em>-</em></span> <span class='ocrx_word' id='word_1_5' title='bbox 869 987 1435 1054; x_wconf 86' lang='lat' dir='ltr'>LECTOREM.</span> 
     </span>
    </p>
   </div>
   <div class='ocr_carea' id='block_1_4' title="bbox 1044 1183 1263 1196">
    <p class='ocr_par' dir='ltr' id='par_1_4' title="bbox 1044 1183 1263 1196">
     <span class='ocr_line' id='line_1_4' title="bbox 1044 1183 1263 1196; baseline 0 0"><span class='ocrx_word' id='word_1_6' title='bbox 1044 1183 1263 1196; x_wconf 49' lang='lat' dir='ltr'><strong>mum„</strong></span> 
     </span>
    </p>
   </div>
   <div class='ocr_carea' id='block_1_5' title="bbox 301 1313 2033 3119">
    <p class='ocr_par' dir='ltr' id='par_1_5' title="bbox 301 1313 2033 3119">
     <span class='ocr_line' id='line_1_5' title="bbox 306 1313 2012 1382; baseline 0.004 -14"><span class='ocrx_word' id='word_1_7' title='bbox 306 1313 439 1377; x_wconf 80' lang='lat' dir='ltr'><strong>CUM</strong></span> <span class='ocrx_word' id='word_1_8' title='bbox 458 1334 615 1368; x_wconf 89' lang='lat' dir='ltr'><strong>veteres</strong></span> <span class='ocrx_word' id='word_1_9' title='bbox 635 1324 924 1367; x_wconf 85' lang='lat' dir='ltr'><strong>Mechanicam</strong></span> <span class='ocrx_word' id='word_1_10' title='bbox 955 1326 1034 1381; x_wconf 91' lang='lat' dir='ltr'><strong>(uti</strong></span> <span class='ocrx_word' id='word_1_11' title='bbox 1053 1333 1201 1367; x_wconf 88' lang='lat' dir='ltr'><strong>auctor</strong></span> <span class='ocrx_word' id='word_1_12' title='bbox 1220 1334 1284 1368; x_wconf 89' lang='lat' dir='ltr'><strong>est</strong></span> <span class='ocrx_word' id='word_1_13' title='bbox 1305 1326 1488 1382; x_wconf 86' lang='lat' dir='ltr'><strong>Pappus)</strong></span> <span class='ocrx_word' id='word_1_14' title='bbox 1520 1327 1565 1369; x_wconf 90' lang='lat' dir='ltr'><strong>in</strong></span> <span class='ocrx_word' id='word_1_15' title='bbox 1591 1342 1731 1371; x_wconf 89' lang='lat' dir='ltr'><strong>rerum</strong></span> <span class='ocrx_word' id='word_1_16' title='bbox 1762 1331 2012 1374; x_wconf 81' lang='lat' dir='ltr'><strong>naturalium</strong></span> 
     </span>
     <span class='ocr_line' id='line_1_6' title="bbox 301 1396 2013 1454; baseline 0.005 -17"><span class='ocrx_word' id='word_1_17' title='bbox 301 1396 615 1454; x_wconf 84' lang='lat' dir='ltr'>investigatione</span> <span class='ocrx_word' id='word_1_18' title='bbox 635 1396 804 1437; x_wconf 87' lang='lat' dir='ltr'><strong>maximi</strong></span> <span class='ocrx_word' id='word_1_19' title='bbox 824 1396 1021 1446; x_wconf 84' lang='lat' dir='ltr'><strong>fecerint3</strong></span> <span class='ocrx_word' id='word_1_20' title='bbox 1052 1404 1094 1438; x_wconf 89' lang='lat' dir='ltr'><strong>et</strong></span> <span class='ocrx_word' id='word_1_21' title='bbox 1113 1397 1377 1447; x_wconf 85' lang='lat' dir='ltr'><strong>recentiores,</strong></span> <span class='ocrx_word' id='word_1_22' title='bbox 1398 1398 1532 1439; x_wconf 89' lang='lat' dir='ltr'><strong>missis</strong></span> <span class='ocrx_word' id='word_1_23' title='bbox 1561 1398 1704 1441; x_wconf 85' lang='lat' dir='ltr'><strong>formis</strong></span> <span class='ocrx_word' id='word_1_24' title='bbox 1736 1401 2013 1445; x_wconf 82' lang='lat' dir='ltr'><strong>substantiali-</strong></span> 
     </span>
     <span class='ocr_line' id='line_1_7' title="bbox 301 1467 2015 1527; baseline 0.003 -17"><span class='ocrx_word' id='word_1_25' title='bbox 301 1468 380 1510; x_wconf 87' lang='lat' dir='ltr'><strong>bus</strong></span> <span class='ocrx_word' id='word_1_26' title='bbox 401 1476 443 1510; x_wconf 87' lang='lat' dir='ltr'><strong>et</strong></span> <span class='ocrx_word' id='word_1_27' title='bbox 462 1468 724 1524; x_wconf 87' lang='lat' dir='ltr'><strong>qualitatibus</strong></span> <span class='ocrx_word' id='word_1_28' title='bbox 755 1468 938 1518; x_wconf 86' lang='lat' dir='ltr'><strong>occultis,</strong></span> <span class='ocrx_word' id='word_1_29' title='bbox 970 1467 1247 1522; x_wconf 88' lang='lat' dir='ltr'><strong>phaenomena</strong></span> <span class='ocrx_word' id='word_1_30' title='bbox 1277 1477 1437 1510; x_wconf 85' lang='lat' dir='ltr'><strong>naturae</strong></span> <span class='ocrx_word' id='word_1_31' title='bbox 1472 1470 1525 1511; x_wconf 89' lang='lat' dir='ltr'><strong>ad</strong></span> <span class='ocrx_word' id='word_1_32' title='bbox 1559 1470 1670 1527; x_wconf 87' lang='lat' dir='ltr'><strong>leges</strong></span> <span class='ocrx_word' id='word_1_33' title='bbox 1705 1471 2015 1516; x_wconf 63' lang='lat' dir='ltr'><strong>mathematicas</strong></span> 
     </span>
     <span class='ocr_line' id='line_1_8' title="bbox 302 1540 2016 1601; baseline 0.004 -20"><span class='ocrx_word' id='word_1_34' title='bbox 302 1556 495 1583; x_wconf 89' lang='lat' dir='ltr'><strong>revocare</strong></span> <span class='ocrx_word' id='word_1_35' title='bbox 516 1541 701 1598; x_wconf 79' lang='lat' dir='ltr'><strong>aggressi</strong></span> <span class='ocrx_word' id='word_1_36' title='bbox 722 1541 802 1582; x_wconf 90' lang='lat' dir='ltr'><strong>sint</strong></span> <span class='ocrx_word' id='word_1_37' title='bbox 819 1557 828 1582; x_wconf 90' lang='lat'>:</span> <span class='ocrx_word' id='word_1_38' title='bbox 862 1541 994 1582; x_wconf 90' lang='lat' dir='ltr'><strong>visum</strong></span> <span class='ocrx_word' id='word_1_39' title='bbox 1014 1548 1075 1581; x_wconf 88' lang='lat' dir='ltr'><strong>est</strong></span> <span class='ocrx_word' id='word_1_40' title='bbox 1094 1541 1137 1581; x_wconf 93' lang='lat' dir='ltr'><strong>in</strong></span> <span class='ocrx_word' id='word_1_41' title='bbox 1157 1540 1238 1582; x_wconf 92' lang='lat' dir='ltr'><strong>hoc</strong></span> <span class='ocrx_word' id='word_1_42' title='bbox 1257 1548 1435 1583; x_wconf 86' lang='lat' dir='ltr'><strong>tractatu</strong></span> <span class='ocrx_word' id='word_1_43' title='bbox 1449 1542 1665 1584; x_wconf 87' lang='lat' dir='ltr'><strong>mathesim</strong></span> <span class='ocrx_word' id='word_1_44' title='bbox 1688 1545 1892 1596; x_wconf 86' lang='lat' dir='ltr'><strong>excolere,</strong></span> <span class='ocrx_word' id='word_1_45' title='bbox 1914 1545 2016 1601; x_wconf 63' lang='lat' dir='ltr'><strong>quai—</strong></span> 
     </span>
     <span class='ocr_line' id='line_1_9' title="bbox 302 1612 2015 1670; baseline 0.004 -17"><span class='ocrx_word' id='word_1_46' title='bbox 302 1620 422 1654; x_wconf 89' lang='lat' dir='ltr'><strong>tenus</strong></span> <span class='ocrx_word' id='word_1_47' title='bbox 444 1628 492 1654; x_wconf 87' lang='lat' dir='ltr'><strong>ea</strong></span> <span class='ocrx_word' id='word_1_48' title='bbox 522 1613 575 1654; x_wconf 90' lang='lat' dir='ltr'><strong>ad</strong></span> <span class='ocrx_word' id='word_1_49' title='bbox 605 1612 907 1667; x_wconf 79' lang='lat' dir='ltr'><strong>philosophiam</strong></span> <span class='ocrx_word' id='word_1_50' title='bbox 939 1619 1106 1667; x_wconf 87' lang='lat' dir='ltr'><strong>spectat.</strong></span> <span class='ocrx_word' id='word_1_51' title='bbox 1167 1612 1459 1654; x_wconf 82' lang='lat' dir='ltr'><strong>Mechanicam</strong></span> <span class='ocrx_word' id='word_1_52' title='bbox 1490 1613 1589 1655; x_wconf 72' lang='lat' dir='ltr'><strong>vero</strong></span> <span class='ocrx_word' id='word_1_53' title='bbox 1619 1615 1826 1670; x_wconf 86' lang='lat' dir='ltr'><strong>duplicem</strong></span> <span class='ocrx_word' id='word_1_54' title='bbox 1857 1626 2015 1661; x_wconf 84' lang='lat' dir='ltr'><strong>veteres</strong></span> 
     </span>
     <span class='ocr_line' id='line_1_10' title="bbox 303 1682 2017 1743; baseline 0.005 -20"><span class='ocrx_word' id='word_1_55' title='bbox 303 1683 624 1725; x_wconf 89' lang='lat' dir='ltr'><strong>constituerunt:</strong></span> <span class='ocrx_word' id='word_1_56' title='bbox 657 1683 913 1734; x_wconf 79' lang='lat' dir='ltr'><strong>rationalem,</strong></span> <span class='ocrx_word' id='word_1_57' title='bbox 937 1697 1031 1739; x_wconf 91' lang='lat' dir='ltr'><strong>quae</strong></span> <span class='ocrx_word' id='word_1_58' title='bbox 1050 1698 1127 1738; x_wconf 88' lang='lat' dir='ltr'><strong>per</strong></span> <span class='ocrx_word' id='word_1_59' title='bbox 1147 1682 1730 1728; x_wconf 72' lang='lat' dir='ltr'><strong>demonstrationesaccurate</strong></span> <span class='ocrx_word' id='word_1_60' title='bbox 1749 1688 1952 1743; x_wconf 85' lang='lat' dir='ltr'><strong>procedit,</strong></span> <span class='ocrx_word' id='word_1_61' title='bbox 1976 1698 2017 1732; x_wconf 90' lang='lat' dir='ltr'><strong>et</strong></span> 
     </span>
     <span class='ocr_line' id='line_1_11' title="bbox 301 1757 2017 1816; baseline 0.003 -18"><span class='ocrx_word' id='word_1_62' title='bbox 301 1758 540 1812; x_wconf 82' lang='lat' dir='ltr'><strong>practicam.</strong></span> <span class='ocrx_word' id='word_1_63' title='bbox 601 1757 672 1798; x_wconf 91' lang='lat' dir='ltr'><strong>Ad</strong></span> <span class='ocrx_word' id='word_1_64' title='bbox 690 1757 916 1812; x_wconf 84' lang='lat' dir='ltr'><strong>practicam</strong></span> <span class='ocrx_word' id='word_1_65' title='bbox 936 1763 1124 1811; x_wconf 88' lang='lat' dir='ltr'><strong>spectant</strong></span> <span class='ocrx_word' id='word_1_66' title='bbox 1143 1764 1252 1797; x_wconf 89' lang='lat' dir='ltr'><strong>artes</strong></span> <span class='ocrx_word' id='word_1_67' title='bbox 1279 1771 1424 1798; x_wconf 91' lang='lat' dir='ltr'><strong>omnes</strong></span> <span class='ocrx_word' id='word_1_68' title='bbox 1445 1758 1669 1808; x_wconf 88' lang='lat' dir='ltr'><strong>manuales,</strong></span> <span class='ocrx_word' id='word_1_69' title='bbox 1702 1775 1727 1800; x_wconf 90' lang='lat' dir='ltr'><strong>a</strong></span> <span class='ocrx_word' id='word_1_70' title='bbox 1756 1760 1906 1816; x_wconf 90' lang='lat' dir='ltr'><strong>quibus</strong></span> <span class='ocrx_word' id='word_1_71' title='bbox 1935 1761 2017 1803; x_wconf 84' lang='lat' dir='ltr'><strong>uti·</strong></span> 
     </span>
     <span class='ocr_line' id='line_1_12' title="bbox 303 1828 2016 1886; baseline 0.004 -17"><span class='ocrx_word' id='word_1_72' title='bbox 303 1843 383 1884; x_wconf 92' lang='lat' dir='ltr'><strong>que</strong></span> <span class='ocrx_word' id='word_1_73' title='bbox 402 1828 643 1869; x_wconf 88' lang='lat' dir='ltr'><strong>mechanica</strong></span> <span class='ocrx_word' id='word_1_74' title='bbox 662 1843 814 1870; x_wconf 90' lang='lat' dir='ltr'><strong>nomen</strong></span> <span class='ocrx_word' id='word_1_75' title='bbox 834 1835 1023 1868; x_wconf 90' lang='lat' dir='ltr'><strong>mutuata</strong></span> <span class='ocrx_word' id='word_1_76' title='bbox 1043 1835 1116 1869; x_wconf 88' lang='lat' dir='ltr'><strong>est.</strong></span> <span class='ocrx_word' id='word_1_77' title='bbox 1178 1828 1287 1870; x_wconf 90' lang='lat' dir='ltr'><strong>Cum</strong></span> <span class='ocrx_word' id='word_1_78' title='bbox 1308 1836 1447 1869; x_wconf 89' lang='lat' dir='ltr'><strong>autem</strong></span> <span class='ocrx_word' id='word_1_79' title='bbox 1462 1829 1639 1871; x_wconf 88' lang='lat' dir='ltr'><strong>artifices</strong></span> <span class='ocrx_word' id='word_1_80' title='bbox 1654 1829 1804 1886; x_wconf 76' lang='lat' dir='ltr'><strong>parum</strong></span> <span class='ocrx_word' id='word_1_81' title='bbox 1825 1833 2016 1876; x_wconf 77' lang='lat' dir='ltr'><strong>accurate</strong></span> 
     </span>
     <span class='ocr_line' id='line_1_13' title="bbox 303 1899 2018 1961; baseline 0.004 -20"><span class='ocrx_word' id='word_1_82' title='bbox 303 1901 467 1958; x_wconf 89' lang='lat' dir='ltr'><strong>operari</strong></span> <span class='ocrx_word' id='word_1_83' title='bbox 487 1901 657 1951; x_wconf 88' lang='lat' dir='ltr'><strong>soleant,</strong></span> <span class='ocrx_word' id='word_1_84' title='bbox 680 1900 728 1941; x_wconf 89' lang='lat' dir='ltr'><strong>fit</strong></span> <span class='ocrx_word' id='word_1_85' title='bbox 746 1908 793 1941; x_wconf 92' lang='lat' dir='ltr'><strong>ut</strong></span> <span class='ocrx_word' id='word_1_86' title='bbox 818 1899 1059 1941; x_wconf 89' lang='lat' dir='ltr'><strong>mechanica</strong></span> <span class='ocrx_word' id='word_1_87' title='bbox 1087 1900 1221 1941; x_wconf 87' lang='lat' dir='ltr'><strong>omnis</strong></span> <span class='ocrx_word' id='word_1_88' title='bbox 1254 1916 1279 1941; x_wconf 90' lang='lat' dir='ltr'><strong>a</strong></span> <span class='ocrx_word' id='word_1_89' title='bbox 1307 1900 1532 1957; x_wconf 66' lang='lat' dir='ltr'><strong>geometria</strong></span> <span class='ocrx_word' id='word_1_90' title='bbox 1562 1901 1620 1943; x_wconf 90' lang='lat' dir='ltr'><strong>ita</strong></span> <span class='ocrx_word' id='word_1_91' title='bbox 1649 1902 1940 1961; x_wconf 85' lang='lat' dir='ltr'><strong>distinguatur,</strong></span> <span class='ocrx_word' id='word_1_92' title='bbox 1972 1915 2018 1948; x_wconf 90' lang='lat' dir='ltr'><strong>ut</strong></span> 
     </span>
     <span class='ocr_line' id='line_1_14' title="bbox 303 1971 2017 2031; baseline 0.005 -19"><span class='ocrx_word' id='word_1_93' title='bbox 303 1971 500 2028; x_wconf 88' lang='lat' dir='ltr'><strong>quicquid</strong></span> <span class='ocrx_word' id='word_1_94' title='bbox 521 1980 758 2013; x_wconf 87' lang='lat' dir='ltr'><strong>accuratum</strong></span> <span class='ocrx_word' id='word_1_95' title='bbox 779 1971 831 2012; x_wconf 91' lang='lat' dir='ltr'><strong>sit</strong></span> <span class='ocrx_word' id='word_1_96' title='bbox 851 1971 905 2012; x_wconf 91' lang='lat' dir='ltr'><strong>ad</strong></span> <span class='ocrx_word' id='word_1_97' title='bbox 923 1972 1194 2028; x_wconf 86' lang='lat' dir='ltr'><strong>geometriam</strong></span> <span class='ocrx_word' id='word_1_98' title='bbox 1215 1971 1432 2024; x_wconf 89' lang='lat' dir='ltr'><strong>referatur,</strong></span> <span class='ocrx_word' id='word_1_99' title='bbox 1456 1973 1653 2031; x_wconf 89' lang='lat' dir='ltr'><strong>quicquid</strong></span> <span class='ocrx_word' id='word_1_100' title='bbox 1679 1974 1817 2018; x_wconf 74' lang='lat' dir='ltr'><strong>minus</strong></span> <span class='ocrx_word' id='word_1_101' title='bbox 1847 1993 2017 2020; x_wconf 84' lang='lat' dir='ltr'><strong>accura-</strong></span> 
     </span>
     <span class='ocr_line' id='line_1_15' title="bbox 301 2043 2015 2099; baseline 0.006 -15"><span class='ocrx_word' id='word_1_102' title='bbox 301 2051 392 2084; x_wconf 92' lang='lat' dir='ltr'><strong>tum</strong></span> <span class='ocrx_word' id='word_1_103' title='bbox 426 2043 480 2084; x_wconf 90' lang='lat' dir='ltr'><strong>ad</strong></span> <span class='ocrx_word' id='word_1_104' title='bbox 510 2043 807 2085; x_wconf 84' lang='lat' dir='ltr'><strong>mechanicam.</strong></span> <span class='ocrx_word' id='word_1_105' title='bbox 869 2044 1067 2085; x_wconf 89' lang='lat' dir='ltr'><strong>Attamen</strong></span> <span class='ocrx_word' id='word_1_106' title='bbox 1099 2059 1261 2086; x_wconf 91' lang='lat' dir='ltr'><strong>errores</strong></span> <span class='ocrx_word' id='word_1_107' title='bbox 1292 2060 1379 2086; x_wconf 92' lang='lat' dir='ltr'><strong>non</strong></span> <span class='ocrx_word' id='word_1_108' title='bbox 1413 2054 1511 2088; x_wconf 90' lang='lat' dir='ltr'><strong>sunt</strong></span> <span class='ocrx_word' id='word_1_109' title='bbox 1544 2048 1656 2099; x_wconf 89' lang='lat' dir='ltr'><strong>artis,</strong></span> <span class='ocrx_word' id='word_1_110' title='bbox 1694 2050 1767 2091; x_wconf 89' lang='lat' dir='ltr'><strong>sed</strong></span> <span class='ocrx_word' id='word_1_111' title='bbox 1798 2052 2015 2095; x_wconf 84' lang='lat' dir='ltr'><strong>artificum.</strong></span> 
     </span>
     <span class='ocr_line' id='line_1_16' title="bbox 304 2116 2018 2179; baseline 0.005 -21"><span class='ocrx_word' id='word_1_112' title='bbox 304 2116 392 2167; x_wconf 86' lang='lat' dir='ltr'><strong>Qui</strong></span> <span class='ocrx_word' id='word_1_113' title='bbox 411 2116 548 2159; x_wconf 75' lang='lat' dir='ltr'><strong>minus</strong></span> <span class='ocrx_word' id='word_1_114' title='bbox 570 2117 760 2159; x_wconf 75' lang='lat' dir='ltr'><strong>accurate</strong></span> <span class='ocrx_word' id='word_1_115' title='bbox 781 2125 989 2173; x_wconf 88' lang='lat' dir='ltr'><strong>operatur,</strong></span> <span class='ocrx_word' id='word_1_116' title='bbox 1012 2117 1292 2173; x_wconf 86' lang='lat' dir='ltr'><strong>imperfectior</strong></span> <span class='ocrx_word' id='word_1_117' title='bbox 1312 2126 1376 2159; x_wconf 91' lang='lat' dir='ltr'><strong>est</strong></span> <span class='ocrx_word' id='word_1_118' title='bbox 1396 2119 1674 2172; x_wconf 88' lang='lat' dir='ltr'><strong>mechanicus,</strong></span> <span class='ocrx_word' id='word_1_119' title='bbox 1697 2130 1739 2163; x_wconf 90' lang='lat' dir='ltr'><strong>et</strong></span> <span class='ocrx_word' id='word_1_120' title='bbox 1767 2123 1802 2164; x_wconf 89' lang='lat' dir='ltr'><strong>si</strong></span> <span class='ocrx_word' id='word_1_121' title='bbox 1831 2124 1922 2179; x_wconf 93' lang='lat' dir='ltr'><strong>quis</strong></span> <span class='ocrx_word' id='word_1_122' title='bbox 1949 2140 2018 2167; x_wconf 90' lang='lat' dir='ltr'><strong>ac-</strong></span> 
     </span>
     <span class='ocr_line' id='line_1_17' title="bbox 302 2190 2016 2249; baseline 0.004 -17"><span class='ocrx_word' id='word_1_123' title='bbox 302 2191 559 2233; x_wconf 72' lang='lat' dir='ltr'><strong>curatissime</strong></span> <span class='ocrx_word' id='word_1_124' title='bbox 580 2192 744 2247; x_wconf 91' lang='lat' dir='ltr'><strong>operari</strong></span> <span class='ocrx_word' id='word_1_125' title='bbox 762 2199 914 2246; x_wconf 89' lang='lat' dir='ltr'><strong>posset,</strong></span> <span class='ocrx_word' id='word_1_126' title='bbox 944 2191 1012 2232; x_wconf 91' lang='lat' dir='ltr'><strong>hic</strong></span> <span class='ocrx_word' id='word_1_127' title='bbox 1042 2190 1148 2232; x_wconf 85' lang='lat' dir='ltr'><strong>foret</strong></span> <span class='ocrx_word' id='word_1_128' title='bbox 1176 2190 1441 2232; x_wconf 87' lang='lat' dir='ltr'><strong>mechanicus</strong></span> <span class='ocrx_word' id='word_1_129' title='bbox 1472 2193 1659 2234; x_wconf 88' lang='lat' dir='ltr'><strong>omnium</strong></span> <span class='ocrx_word' id='word_1_130' title='bbox 1685 2193 2016 2249; x_wconf 57' lang='lat' dir='ltr'><strong>perfectissimus</strong></span> 
     </span>
     <span class='ocr_line' id='line_1_18' title="bbox 303 2258 2017 2324; baseline 0.005 -22"><span class='ocrx_word' id='word_1_131' title='bbox 303 2261 416 2303; x_wconf 85' lang='lat' dir='ltr'><strong>Nam</strong></span> <span class='ocrx_word' id='word_1_132' title='bbox 437 2271 478 2303; x_wconf 92' lang='lat' dir='ltr'><strong>et</strong></span> <span class='ocrx_word' id='word_1_133' title='bbox 496 2263 699 2304; x_wconf 90' lang='lat' dir='ltr'><strong>linearum</strong></span> <span class='ocrx_word' id='word_1_134' title='bbox 719 2270 925 2304; x_wconf 88' lang='lat' dir='ltr'><strong>rectarum</strong></span> <span class='ocrx_word' id='word_1_135' title='bbox 937 2258 988 2316; x_wconf 73' lang='lat' dir='ltr'><strong>&#39;et</strong></span> <span class='ocrx_word' id='word_1_136' title='bbox 1008 2261 1258 2303; x_wconf 91' lang='lat' dir='ltr'><strong>circulorum</strong></span> <span class='ocrx_word' id='word_1_137' title='bbox 1278 2262 1588 2318; x_wconf 86' lang='lat' dir='ltr'><strong>descriptiones,</strong></span> <span class='ocrx_word' id='word_1_138' title='bbox 1617 2264 1662 2305; x_wconf 89' lang='lat' dir='ltr'><strong>in</strong></span> <span class='ocrx_word' id='word_1_139' title='bbox 1682 2265 1833 2320; x_wconf 91' lang='lat' dir='ltr'><strong>quibus</strong></span> <span class='ocrx_word' id='word_1_140' title='bbox 1849 2282 2017 2324; x_wconf 86' lang='lat' dir='ltr'><strong>geome-</strong></span> 
     </span>
     <span class='ocr_line' id='line_1_19' title="bbox 302 2319 2017 2396; baseline 0.005 -21"><span class='ocrx_word' id='word_1_141' title='bbox 302 2334 383 2375; x_wconf 84' lang='lat' dir='ltr'><strong>tria</strong></span> <span class='ocrx_word' id='word_1_142' title='bbox 401 2319 612 2384; x_wconf 79' lang='lat' dir='ltr'><strong>fundatur,</strong></span> <span class='ocrx_word' id='word_1_143' title='bbox 637 2334 690 2374; x_wconf 87' lang='lat' dir='ltr'><strong>ad</strong></span> <span class='ocrx_word' id='word_1_144' title='bbox 710 2333 993 2375; x_wconf 90' lang='lat' dir='ltr'><strong>mechanicam</strong></span> <span class='ocrx_word' id='word_1_145' title='bbox 1022 2333 1244 2388; x_wconf 88' lang='lat' dir='ltr'><strong>pertinent.</strong></span> <span class='ocrx_word' id='word_1_146' title='bbox 1305 2334 1400 2375; x_wconf 88' lang='lat' dir='ltr'><strong>Has</strong></span> <span class='ocrx_word' id='word_1_147' title='bbox 1429 2334 1558 2375; x_wconf 82' lang='lat' dir='ltr'><strong>lineas</strong></span> <span class='ocrx_word' id='word_1_148' title='bbox 1587 2328 1819 2379; x_wconf 82' lang='lat' dir='ltr'><strong>describere</strong></span> <span class='ocrx_word' id='word_1_149' title='bbox 1849 2354 2017 2396; x_wconf 88' lang='lat' dir='ltr'><strong>geome-</strong></span> 
     </span>
     <span class='ocr_line' id='line_1_20' title="bbox 302 2406 2017 2463; baseline 0.005 -16"><span class='ocrx_word' id='word_1_150' title='bbox 302 2407 383 2448; x_wconf 86' lang='lat' dir='ltr'><strong>tria</strong></span> <span class='ocrx_word' id='word_1_151' title='bbox 411 2421 497 2447; x_wconf 94' lang='lat' dir='ltr'><strong>non</strong></span> <span class='ocrx_word' id='word_1_152' title='bbox 527 2406 660 2457; x_wconf 89' lang='lat' dir='ltr'><strong>docet,</strong></span> <span class='ocrx_word' id='word_1_153' title='bbox 694 2406 768 2447; x_wconf 89' lang='lat' dir='ltr'><strong>sed</strong></span> <span class='ocrx_word' id='word_1_154' title='bbox 795 2406 990 2461; x_wconf 90' lang='lat' dir='ltr'><strong>postulat.</strong></span> <span class='ocrx_word' id='word_1_155' title='bbox 1053 2406 1245 2448; x_wconf 87' lang='lat' dir='ltr'><strong>Postulat</strong></span> <span class='ocrx_word' id='word_1_156' title='bbox 1279 2407 1390 2448; x_wconf 91' lang='lat' dir='ltr'><strong>enim</strong></span> <span class='ocrx_word' id='word_1_157' title='bbox 1423 2415 1470 2448; x_wconf 92' lang='lat' dir='ltr'><strong>ut</strong></span> <span class='ocrx_word' id='word_1_158' title='bbox 1502 2415 1596 2463; x_wconf 89' lang='lat' dir='ltr'><strong>tyro</strong></span> <span class='ocrx_word' id='word_1_159' title='bbox 1627 2409 1792 2451; x_wconf 89' lang='lat' dir='ltr'><strong>easdem</strong></span> <span class='ocrx_word' id='word_1_160' title='bbox 1827 2413 2017 2459; x_wconf 74' lang='lat' dir='ltr'><strong>accurate</strong></span> 
     </span>
     <span class='ocr_line' id='line_1_21' title="bbox 303 2476 2017 2539; baseline 0.006 -21"><span class='ocrx_word' id='word_1_161' title='bbox 303 2477 537 2518; x_wconf 88' lang='lat' dir='ltr'><strong>describere</strong></span> <span class='ocrx_word' id='word_1_162' title='bbox 555 2477 671 2533; x_wconf 88' lang='lat' dir='ltr'><strong>prius</strong></span> <span class='ocrx_word' id='word_1_163' title='bbox 693 2477 895 2528; x_wconf 89' lang='lat' dir='ltr'><strong>didicerit,</strong></span> <span class='ocrx_word' id='word_1_164' title='bbox 919 2491 1043 2533; x_wconf 86' lang='lat' dir='ltr'><strong>quam</strong></span> <span class='ocrx_word' id='word_1_165' title='bbox 1063 2477 1190 2518; x_wconf 88' lang='lat' dir='ltr'><strong>limen</strong></span> <span class='ocrx_word' id='word_1_166' title='bbox 1210 2476 1635 2534; x_wconf 42' lang='lat' dir='ltr'><strong>attingatsgeometriae</strong></span> <span class='ocrx_word' id='word_1_167' title='bbox 1649 2495 1661 2530; x_wconf 91' lang='lat'>;</span> <span class='ocrx_word' id='word_1_168' title='bbox 1693 2480 1790 2522; x_wconf 87' lang='lat' dir='ltr'><strong>dein</strong></span> <span class='ocrx_word' id='word_1_169' title='bbox 1805 2486 2017 2539; x_wconf 89' lang='lat' dir='ltr'><strong>quomodo</strong></span> 
     </span>
     <span class='ocr_line' id='line_1_22' title="bbox 302 2540 2015 2604; baseline 0.005 -15"><span class='ocrx_word' id='word_1_170' title='bbox 302 2563 378 2604; x_wconf 88' lang='lat' dir='ltr'><strong>per</strong></span> <span class='ocrx_word' id='word_1_171' title='bbox 397 2549 472 2589; x_wconf 88' lang='lat' dir='ltr'><strong>has</strong></span> <span class='ocrx_word' id='word_1_172' title='bbox 493 2548 752 2603; x_wconf 87' lang='lat' dir='ltr'><strong>operationes</strong></span> <span class='ocrx_word' id='word_1_173' title='bbox 781 2548 1039 2603; x_wconf 90' lang='lat' dir='ltr'><strong>problemata</strong></span> <span class='ocrx_word' id='word_1_174' title='bbox 1069 2540 1293 2597; x_wconf 84' lang='lat' dir='ltr'><strong>solvantur,</strong></span> <span class='ocrx_word' id='word_1_175' title='bbox 1326 2547 1448 2589; x_wconf 91' lang='lat' dir='ltr'><strong>docet</strong></span> <span class='ocrx_word' id='word_1_176' title='bbox 1460 2563 1473 2598; x_wconf 81' lang='lat'>3</span> <span class='ocrx_word' id='word_1_177' title='bbox 1504 2556 1636 2591; x_wconf 80' lang='lat' dir='ltr'><strong>rectas</strong></span> <span class='ocrx_word' id='word_1_178' title='bbox 1665 2558 1708 2592; x_wconf 85' lang='lat' dir='ltr'><strong>et</strong></span> <span class='ocrx_word' id='word_1_179' title='bbox 1737 2553 1912 2596; x_wconf 91' lang='lat' dir='ltr'><strong>circulos</strong></span> <span class='ocrx_word' id='word_1_180' title='bbox 1942 2555 2015 2598; x_wconf 89' lang='lat' dir='ltr'><strong>de-</strong></span> 
     </span>
     <span class='ocr_line' id='line_1_23' title="bbox 303 2620 2033 2681; baseline 0.005 -19"><span class='ocrx_word' id='word_1_181' title='bbox 303 2622 482 2663; x_wconf 87' lang='lat' dir='ltr'><strong>scribere</strong></span> <span class='ocrx_word' id='word_1_182' title='bbox 501 2622 760 2678; x_wconf 87' lang='lat' dir='ltr'><strong>problemata</strong></span> <span class='ocrx_word' id='word_1_183' title='bbox 775 2629 882 2671; x_wconf 89' lang='lat' dir='ltr'><strong>sunt,</strong></span> <span class='ocrx_word' id='word_1_184' title='bbox 915 2620 989 2662; x_wconf 84' lang='lat' dir='ltr'><strong>sed</strong></span> <span class='ocrx_word' id='word_1_185' title='bbox 1007 2635 1093 2661; x_wconf 92' lang='lat' dir='ltr'><strong>non</strong></span> <span class='ocrx_word' id='word_1_186' title='bbox 1112 2621 1376 2677; x_wconf 88' lang='lat' dir='ltr'><strong>geometrica.</strong></span> <span class='ocrx_word' id='word_1_187' title='bbox 1436 2621 1505 2662; x_wconf 87' lang='lat' dir='ltr'><strong>Ex</strong></span> <span class='ocrx_word' id='word_1_188' title='bbox 1524 2621 1764 2666; x_wconf 85' lang='lat' dir='ltr'><strong>mechanica</strong></span> <span class='ocrx_word' id='word_1_189' title='bbox 1781 2628 2015 2681; x_wconf 89' lang='lat' dir='ltr'><strong>postulatur</strong></span> <span class='ocrx_word' id='word_1_190' title='bbox 2031 2676 2033 2678; x_wconf 53' lang='grc'><strong>,</strong></span> 
     </span>
     <span class='ocr_line' id='line_1_24' title="bbox 302 2690 2014 2755; baseline 0.006 -22"><span class='ocrx_word' id='word_1_191' title='bbox 302 2693 453 2733; x_wconf 91' lang='lat' dir='ltr'><strong>horum</strong></span> <span class='ocrx_word' id='word_1_192' title='bbox 474 2693 637 2744; x_wconf 84' lang='lat' dir='ltr'><strong>solutio,</strong></span> <span class='ocrx_word' id='word_1_193' title='bbox 659 2693 703 2733; x_wconf 88' lang='lat' dir='ltr'><strong>in</strong></span> <span class='ocrx_word' id='word_1_194' title='bbox 722 2691 949 2749; x_wconf 89' lang='lat' dir='ltr'><strong>geometria</strong></span> <span class='ocrx_word' id='word_1_195' title='bbox 965 2691 1137 2732; x_wconf 90' lang='lat' dir='ltr'><strong>docetur</strong></span> <span class='ocrx_word' id='word_1_196' title='bbox 1157 2690 1384 2732; x_wconf 88' lang='lat' dir='ltr'><strong>solutorum</strong></span> <span class='ocrx_word' id='word_1_197' title='bbox 1401 2706 1512 2733; x_wconf 91' lang='lat' dir='ltr'><strong>usus.</strong></span> <span class='ocrx_word' id='word_1_198' title='bbox 1554 2693 1620 2734; x_wconf 93' lang='lat' dir='ltr'><strong>Ac</strong></span> <span class='ocrx_word' id='word_1_199' title='bbox 1631 2694 1833 2751; x_wconf 88' lang='lat' dir='ltr'><strong>gloriatur</strong></span> <span class='ocrx_word' id='word_1_200' title='bbox 1846 2714 2014 2755; x_wconf 86' lang='lat' dir='ltr'><strong>geome-</strong></span> 
     </span>
     <span class='ocr_line' id='line_1_25' title="bbox 303 2763 2015 2822; baseline 0.005 -15"><span class='ocrx_word' id='word_1_201' title='bbox 303 2765 384 2807; x_wconf 88' lang='lat' dir='ltr'><strong>tria</strong></span> <span class='ocrx_word' id='word_1_202' title='bbox 397 2765 510 2820; x_wconf 90' lang='lat' dir='ltr'><strong>quod</strong></span> <span class='ocrx_word' id='word_1_203' title='bbox 523 2773 604 2806; x_wconf 88' lang='lat' dir='ltr'><strong>tam</strong></span> <span class='ocrx_word' id='word_1_204' title='bbox 622 2765 765 2821; x_wconf 91' lang='lat' dir='ltr'><strong>paucis</strong></span> <span class='ocrx_word' id='word_1_205' title='bbox 777 2764 992 2820; x_wconf 89' lang='lat' dir='ltr'><strong>principiis</strong></span> <span class='ocrx_word' id='word_1_206' title='bbox 1006 2763 1171 2805; x_wconf 85' lang='lat' dir='ltr'><strong>aliunde</strong></span> <span class='ocrx_word' id='word_1_207' title='bbox 1185 2764 1324 2819; x_wconf 87' lang='lat' dir='ltr'><strong>petitis</strong></span> <span class='ocrx_word' id='word_1_208' title='bbox 1340 2772 1422 2806; x_wconf 90' lang='lat' dir='ltr'><strong>tam</strong></span> <span class='ocrx_word' id='word_1_209' title='bbox 1439 2765 1571 2807; x_wconf 84' lang='lat' dir='ltr'><strong>multa</strong></span> <span class='ocrx_word' id='word_1_210' title='bbox 1581 2775 1762 2822; x_wconf 86' lang='lat' dir='ltr'><strong>praestet.</strong></span> <span class='ocrx_word' id='word_1_211' title='bbox 1798 2770 2015 2815; x_wconf 82' lang='lat' dir='ltr'><strong>Fundatur</strong></span> 
     </span>
     <span class='ocr_line' id='line_1_26' title="bbox 303 2834 2014 2903; baseline 0.005 -26"><span class='ocrx_word' id='word_1_212' title='bbox 303 2837 432 2895; x_wconf 88' lang='lat' dir='ltr'><strong>igitur</strong></span> <span class='ocrx_word' id='word_1_213' title='bbox 451 2838 679 2893; x_wconf 89' lang='lat' dir='ltr'><strong>geometria</strong></span> <span class='ocrx_word' id='word_1_214' title='bbox 698 2837 742 2878; x_wconf 90' lang='lat' dir='ltr'><strong>in</strong></span> <span class='ocrx_word' id='word_1_215' title='bbox 761 2836 882 2891; x_wconf 88' lang='lat' dir='ltr'><strong>praxi</strong></span> <span class='ocrx_word' id='word_1_216' title='bbox 902 2835 1153 2886; x_wconf 88' lang='lat' dir='ltr'><strong>mechanica,</strong></span> <span class='ocrx_word' id='word_1_217' title='bbox 1177 2842 1218 2876; x_wconf 91' lang='lat' dir='ltr'><strong>et</strong></span> <span class='ocrx_word' id='word_1_218' title='bbox 1246 2834 1350 2876; x_wconf 91' lang='lat' dir='ltr'><strong>nihil</strong></span> <span class='ocrx_word' id='word_1_219' title='bbox 1379 2835 1492 2877; x_wconf 86' lang='lat' dir='ltr'><strong>aliud</strong></span> <span class='ocrx_word' id='word_1_220' title='bbox 1521 2844 1583 2878; x_wconf 90' lang='lat' dir='ltr'><strong>est</strong></span> <span class='ocrx_word' id='word_1_221' title='bbox 1609 2853 1732 2894; x_wconf 87' lang='lat' dir='ltr'><strong>quam</strong></span> <span class='ocrx_word' id='word_1_222' title='bbox 1762 2842 2014 2903; x_wconf 60' lang='lat' dir='ltr'><strong>mechanicas</strong></span> 
     </span>
     <span class='ocr_line' id='line_1_27' title="bbox 303 2906 2015 2964; baseline 0.005 -15"><span class='ocrx_word' id='word_1_223' title='bbox 303 2908 546 2949; x_wconf 88' lang='lat' dir='ltr'><strong>universalis</strong></span> <span class='ocrx_word' id='word_1_224' title='bbox 565 2923 662 2963; x_wconf 90' lang='lat' dir='ltr'><strong>pars</strong></span> <span class='ocrx_word' id='word_1_225' title='bbox 682 2908 765 2958; x_wconf 83' lang='lat' dir='ltr'><strong>illa,</strong></span> <span class='ocrx_word' id='word_1_226' title='bbox 789 2922 881 2964; x_wconf 85' lang='lat' dir='ltr'><strong>quae</strong></span> <span class='ocrx_word' id='word_1_227' title='bbox 903 2915 1033 2948; x_wconf 86' lang='lat' dir='ltr'><strong>artem</strong></span> <span class='ocrx_word' id='word_1_228' title='bbox 1053 2906 1319 2947; x_wconf 84' lang='lat' dir='ltr'><strong>mensurandi</strong></span> <span class='ocrx_word' id='word_1_229' title='bbox 1339 2906 1528 2948; x_wconf 73' lang='lat' dir='ltr'><strong>accurate</strong></span> <span class='ocrx_word' id='word_1_230' title='bbox 1557 2910 1754 2963; x_wconf 91' lang='lat' dir='ltr'><strong>proponit</strong></span> <span class='ocrx_word' id='word_1_231' title='bbox 1774 2927 1822 2953; x_wconf 86' lang='lat' dir='ltr'><strong>ac</strong></span> <span class='ocrx_word' id='word_1_232' title='bbox 1842 2913 2015 2958; x_wconf 90' lang='lat' dir='ltr'><strong>demon-</strong></span> 
     </span>
     <span class='ocr_line' id='line_1_28' title="bbox 303 2979 2015 3041; baseline 0.005 -19"><span class='ocrx_word' id='word_1_233' title='bbox 303 2988 417 3022; x_wconf 85' lang='lat' dir='ltr'><strong>strat.</strong></span> <span class='ocrx_word' id='word_1_234' title='bbox 479 2980 588 3021; x_wconf 91' lang='lat' dir='ltr'><strong>Cum</strong></span> <span class='ocrx_word' id='word_1_235' title='bbox 608 2988 746 3021; x_wconf 86' lang='lat' dir='ltr'><strong>autem</strong></span> <span class='ocrx_word' id='word_1_236' title='bbox 766 2988 873 3022; x_wconf 86' lang='lat' dir='ltr'><strong>artes</strong></span> <span class='ocrx_word' id='word_1_237' title='bbox 893 2979 1104 3022; x_wconf 87' lang='lat' dir='ltr'><strong>manuales</strong></span> <span class='ocrx_word' id='word_1_238' title='bbox 1124 2979 1167 3019; x_wconf 88' lang='lat' dir='ltr'><strong>in</strong></span> <span class='ocrx_word' id='word_1_239' title='bbox 1188 2979 1430 3034; x_wconf 87' lang='lat' dir='ltr'><strong>corporibus</strong></span> <span class='ocrx_word' id='word_1_240' title='bbox 1451 2981 1665 3023; x_wconf 88' lang='lat' dir='ltr'><strong>movendis</strong></span> <span class='ocrx_word' id='word_1_241' title='bbox 1693 2986 1902 3041; x_wconf 75' lang='lat' dir='ltr'><strong>praecipue</strong></span> <span class='ocrx_word' id='word_1_242' title='bbox 1923 3004 2015 3031; x_wconf 83' lang='lat' dir='ltr'><strong>ver-</strong></span> 
     </span>
     <span class='ocr_line' id='line_1_29' title="bbox 305 3051 2016 3119; baseline 0.006 -25"><span class='ocrx_word' id='word_1_243' title='bbox 305 3061 461 3103; x_wconf 86' lang='lat' dir='ltr'><strong>sentur,</strong></span> <span class='ocrx_word' id='word_1_244' title='bbox 484 3053 532 3094; x_wconf 84' lang='lat' dir='ltr'><strong>fit</strong></span> <span class='ocrx_word' id='word_1_245' title='bbox 551 3059 598 3094; x_wconf 92' lang='lat' dir='ltr'><strong>ut</strong></span> <span class='ocrx_word' id='word_1_246' title='bbox 616 3053 845 3109; x_wconf 84' lang='lat' dir='ltr'><strong>geometria</strong></span> <span class='ocrx_word' id='word_1_247' title='bbox 873 3052 927 3094; x_wconf 87' lang='lat' dir='ltr'><strong>ad</strong></span> <span class='ocrx_word' id='word_1_248' title='bbox 957 3051 1299 3109; x_wconf 82' lang='lat' dir='ltr'><strong>magnitudinem,</strong></span> <span class='ocrx_word' id='word_1_249' title='bbox 1336 3052 1576 3096; x_wconf 81' lang='lat' dir='ltr'><strong>mechanica</strong></span> <span class='ocrx_word' id='word_1_250' title='bbox 1610 3054 1662 3096; x_wconf 80' lang='lat' dir='ltr'><strong>ad</strong></span> <span class='ocrx_word' id='word_1_251' title='bbox 1696 3065 1855 3100; x_wconf 90' lang='lat' dir='ltr'><strong>motum</strong></span> <span class='ocrx_word' id='word_1_252' title='bbox 1890 3061 2016 3119; x_wconf 90' lang='lat' dir='ltr'><strong>vulgo</strong></span> 
     </span>
    </p>
   </div>
  </div>
 </body>
</html>
