2158 3562
828 240 1177 292 PRAEFATIO.
1627 297 1631 299 ,
1778 247 1855 289 xix

138 370 212 413 sed
226 370 350 412 etiam
370 367 424 409 ad
444 374 626 409 cometas
655 366 700 407 in
718 364 1009 407 diversissimis
1043 363 1246 405 coelorum
1275 363 1516 421 regionibus
1536 371 1579 405 et
1597 365 1642 405 in
1665 363 1859 406 diversis-

137 441 249 484 simis
269 440 475 483 distantiis
494 439 651 495 positos
670 438 885 495 pertingit.
948 436 1060 478 Haec
1093 437 1222 494 igitur
1247 444 1311 478 est
1339 445 1488 478 natura
1515 450 1738 492 corporum
1764 452 1860 494 gra-

137 512 366 572 vitantium,
387 519 435 553 ut
453 511 560 552 vires
582 524 675 551 suas
691 509 817 551 edant
829 509 883 551 ad
897 523 1043 550 omnes
1058 508 1279 551 distantias
1299 508 1344 549 in
1365 509 1506 550 omnia
1525 523 1702 564 corpora
1722 510 1860 566 gravi·
1890 525 1895 530 ·

135 584 277 627 tantia.
350 583 456 626 Inde
496 582 595 625 vero
627 582 826 639 sequitur,
867 581 1055 637 planetas
1094 589 1137 623 et
1171 589 1354 623 cometas
1385 582 1600 624 universos
1636 596 1680 623 se
1713 581 1861 622 mutuo

135 657 314 708 trahere,
347 664 389 699 et
407 656 452 698 in
475 671 520 698 se
539 654 687 697 mutuo
713 669 863 712 graves
895 669 1010 696 esse:
1042 654 1156 711 quod
1181 654 1305 696 etiam
1332 654 1604 696 confirmatur
1624 668 1678 695 ex
1696 661 1862 709 pertur-

133 732 301 775 batione
314 731 424 788 jovis
444 738 485 772 et
505 729 676 780 saturni,
699 728 955 770 astronomis
969 742 1056 769 non
1074 727 1300 785 incognita,
1323 735 1365 769 et
1384 727 1438 769 ab
1458 727 1690 769 actionibus
1709 726 1862 767 horum

132 804 395 859 planetarum
406 802 453 843 in
465 817 510 843 se
521 801 699 842 invicem
715 800 892 842 oriunda
905 816 918 850 3
940 800 1041 856 quin
1056 809 1098 842 et
1113 815 1166 841 ex
1177 808 1294 841 motu
1316 798 1389 840 illo
1400 799 1632 841 lentissimo
1647 798 1856 854 apsidum,

132 876 205 932 qui
224 874 351 931 supra
370 880 626 916 memoratus
647 879 723 922 est,
745 871 900 928 quique
919 885 945 912 a
965 872 1089 912 causa
1111 870 1317 912 consimili
1336 870 1640 926 proficiscitur.'

190 948 258 990 Eo
277 945 449 989 demum
468 944 734 1001 pervenimus
755 951 803 985 ut
831 943 1056 985 dicendum
1077 943 1142 995 sit,
1166 952 1207 985 et
1227 951 1382 985 terram
1403 951 1445 986 et
1469 944 1601 986 solem
1621 951 1664 986 et
1684 958 1863 999 corpora

131 1020 275 1062 omnia
294 1018 491 1069 coelestia,
523 1031 618 1074 quae
638 1016 769 1059 solem
790 1017 1055 1067 comitantur,
1081 1031 1125 1058 se
1144 1016 1293 1058 mutuo
1306 1016 1527 1059 attrahere.
1590 1017 1864 1075 Singulorum

132 1106 234 1148 ergo
272 1088 502 1146 particulae,
535 1102 712 1145 quaeque
736 1079 949 1139 'minimae,
980 1088 1090 1130 vires
1120 1103 1215 1130 suas
1251 1089 1488 1131 attractivas
1523 1088 1753 1141 habebunt,
1784 1104 1865 1145 pro

131 1163 361 1221 quantitate
380 1161 566 1204 materiae
585 1161 813 1217 pollentes3
845 1160 1201 1218 quemadmodum
1222 1160 1349 1217 supra
1364 1161 1418 1203 de
1437 1162 1703 1204 terrestribus
1724 1170 1866 1204 osten-

131 1253 223 1279 sum
242 1246 318 1280 est.
379 1237 432 1279 In
447 1235 621 1278 diversis
642 1243 782 1277 autem
816 1234 1036 1285 distantiis,
1069 1241 1193 1276 erunt
1223 1242 1265 1275 et
1292 1234 1445 1275 harum
1464 1235 1575 1276 vires
1590 1235 1634 1276 in
1654 1235 1866 1291 duplicata

130 1309 292 1352 ratione
312 1309 601 1351 distantiarum
632 1307 870 1363 reciproce:
902 1322 1001 1348 nam
1036 1321 1090 1348 ex
1127 1306 1343 1362 particulis
1362 1306 1442 1348 hac
1476 1307 1571 1365 lege
1604 1305 1866 1350 trahentibus

132 1383 328 1439 componi
347 1382 501 1424 debere
520 1381 673 1439 globos
694 1380 843 1421 eadem
862 1380 956 1437 lege
975 1379 1202 1429 trahentes,
1229 1378 1522 1420 mathematice
1541 1379 1865 1423 demonstratur.

191 1454 494 1497 Conclusiones
513 1453 798 1509 praecedentes
818 1452 917 1494 huic
937 1452 1172 1493 innituntur
1202 1451 1415 1502 axiomati,
1447 1451 1563 1508 quod
1589 1467 1616 1494 a
1634 1452 1760 1494 nullis
1780 1467 1867 1494 non

132 1528 332 1584 recipitur
349 1526 611 1583 philosophis
623 1542 635 1576 ;
667 1525 890 1567 effectuum
911 1524 1068 1566 scilicet
1093 1523 1281 1580 ejusdem
1300 1524 1481 1582 generis,
1515 1520 1695 1582 quorum
1714 1540 1867 1581 nempe

133 1583 228 1657 quae
248 1604 558 1656 cognoscuntur
575 1596 853 1652 proprietates
875 1595 1036 1638 eaedem
1056 1602 1165 1646 sunt,
1192 1595 1361 1637 easdem
1374 1611 1465 1638 esse
1478 1610 1623 1639 causas
1639 1604 1681 1639 et
1701 1597 1869 1640 easdem

137 1685 226 1713 esse
258 1669 534 1726 proprietates
567 1682 662 1725 quae
696 1667 887 1709 nondum
918 1676 1242 1725 cognoscuntur.
1318 1667 1427 1719 Quis
1460 1670 1573 1711 enim
1612 1669 1790 1721 dubitat,
1832 1670 1869 1712 si

132 1741 313 1800 gravitas
334 1741 387 1782 sit
405 1755 530 1782 causa
549 1739 776 1794 descensus
796 1739 950 1794 lapidis
974 1739 1019 1779 in
1042 1739 1229 1795 Europa,
1254 1740 1356 1796 quin
1377 1740 1526 1782 eadem
1556 1741 1610 1783 sit
1639 1757 1766 1789 causa
1794 1742 1868 1784 de-

135 1829 302 1873 scensus
330 1814 376 1855 in
396 1811 626 1855 America?
657 1812 704 1855 Si
722 1812 903 1869 gravitas
931 1819 1078 1853 mutua
1096 1811 1222 1854 fuerit
1241 1812 1351 1855 inter
1380 1813 1564 1869 lapidem
1583 1822 1626 1856 et
1646 1823 1801 1857 terram
1820 1815 1864 1857 in

136 1882 331 1941 Europa;
362 1884 454 1941 quis
473 1883 644 1941 negabit
657 1891 846 1925 mutuam
862 1898 953 1925 esse
982 1883 1027 1924 in
1049 1883 1246 1925 America
1260 1883 1281 1926 ?
1322 1884 1367 1927 Si
1396 1886 1459 1927 vis
1483 1886 1700 1928 attractiva
1719 1887 1870 1944 lapidis

136 1967 177 2002 et
206 1967 331 2001 terrae
363 1966 653 2014 componatur,
686 1958 731 1999 in
763 1958 951 2013 Europa,
990 1972 1044 1999 ex
1076 1957 1233 1999 viribus
1268 1959 1494 2000 attractivis
1525 1960 1731 2014 partium;
1778 1963 1870 2019 quis

136 2032 305 2089 negabit
329 2031 506 2073 similem
536 2046 625 2073 esse
652 2030 997 2086 compositionem
1026 2030 1070 2070 in
1092 2029 1322 2072 America?
1363 2030 1408 2072 Si
1438 2032 1631 2073 attractio
1660 2041 1784 2075 terrae
1815 2034 1872 2076 ad

136 2090 278 2146 omnia
303 2118 528 2159 corporum
547 2118 703 2161 genera
730 2110 773 2144 et
802 2101 856 2143 ad
887 2116 1032 2143 omnes
1061 2101 1278 2143 distantias
1307 2110 1566 2160 propagetur
1597 2104 1642 2144 in
1674 2104 1870 2160 Europa3

138 2176 283 2233 quidni
316 2176 473 2232 pariter
505 2175 731 2233 propagari
766 2175 954 2216 dicamus
989 2175 1038 2216 in·
1055 2173 1286 2216 America?
1318 2175 1370 2216 In
1399 2173 1479 2215 hac
1506 2176 1654 2232 regula
1672 2176 1872 2219 fundatur

138 2249 274 2291 omnis
293 2248 583 2304 philosophia:
615 2248 770 2304 quippe
790 2247 871 2303 qua
904 2247 1067 2289 sublata
1087 2247 1193 2288 nihil
1224 2247 1430 2289 affirmare
1450 2248 1659 2302 possimus
1690 2249 1744 2290 de
1779 2250 1872 2290 uni-

138 2323 282 2365 versis.
345 2321 601 2364 Constitutio
621 2335 762 2362 rerum
778 2319 1037 2377 singularum
1056 2320 1277 2361 innotescit
1307 2335 1385 2376 per
1404 2320 1715 2362 observationes
1736 2329 1778 2362 et
1797 2336 1871 2363 ex-

139 2394 395 2450 perimenta:
426 2393 525 2434 inde
551 2390 652 2435 vero
671 2406 758 2433 non
777 2390 858 2432 nisi
888 2406 966 2446 per
996 2391 1105 2432 hanc
1125 2391 1313 2449 regulam
1334 2391 1388 2433 de
1418 2406 1558 2433 rerum
1585 2393 1872 2436 universarum

141 2465 292 2508 natura
307 2466 557 2522 judicamus.
573 2476 581 2523 ζ

199 2539 228 2580 J
231 2553 299 2579 am
320 2538 417 2580 clim
435 2538 581 2596 gravia
607 2539 690 2581 sint
709 2539 850 2580 omnia
873 2553 1064 2595 corpora,
1097 2554 1193 2596 quae
1213 2540 1327 2596 apud
1346 2548 1502 2583 terram
1517 2541 1583 2583 vel
1611 2541 1654 2583 in
1670 2541 1786 2585 coelis
1807 2558 1872 2585 re-
1908 2536 1912 2545 ⁹

142 2610 374 2667 periuntur,
407 2610 460 2651 de
481 2610 631 2666 quibus
651 2610 937 2666 experimenta
957 2611 1023 2652 vel
1056 2611 1366 2654 observationes
1387 2612 1604 2654 instituere
1630 2613 1752 2664 licet3
1782 2630 1872 2656 om-

144 2681 247 2740 111110
267 2681 490 2724 dicendum
505 2681 597 2732 erit,
611 2682 859 2739 gravitatem
879 2682 1126 2737 corporibus
1147 2683 1352 2725 universis
1373 2693 1623 2739 competere.
1656 2685 1714 2726 Et
1728 2701 1873 2742 quem-

145 2754 374 2796 admodum
401 2753 518 2795 nulla
537 2753 702 2809 concipi
722 2753 878 2795 debent
898 2768 1089 2809 corpora,
1124 2768 1219 2811 quae
1254 2769 1353 2796 non‘
1373 2751 1455 2797 sint
1487 2763 1674 2807 extensa,
1704 2757 1875 2799 mobilia

145 2834 187 2869 et
216 2825 571 2882 impenetrabilia3
601 2825 659 2867 ita
678 2824 795 2866 nulla
814 2825 978 2881 concipi
1010 2825 1178 2876 debere,
1211 2840 1306 2882 quae
1331 2841 1419 2867 non
1451 2826 1532 2868 sint
1550 2827 1705 2884 gravia.
1768 2829 1874 2870 Cor-

144 2914 295 2955 porum
315 2898 518 2949 extensio,
549 2897 773 2948 mobilitas,
805 2905 848 2939 et
866 2897 1238 2952 impenetrabilitas
1259 2912 1345 2938 non
1364 2897 1445 2938 nisi
1463 2912 1542 2953 per
1571 2899 1873 2954 experimenta,

145 2972 432 3029 innotescunt3
464 2970 614 3012 eodem
631 2969 756 3025 plane
786 2969 915 3011 modo
944 2969 1127 3027 gravitas
1154 2969 1387 3012 innotescit.
1416 2964 1431 2980 '‘'
1451 2969 1643 3027 Corpora
1661 2973 1801 3014 omnia
1821 2973 1875 3015 de

147 3044 298 3101 quibus
313 3043 622 3085 observationes
640 3042 859 3093 habemus,
891 3051 1066 3084 extensa
1087 3051 1185 3085 sunt
1205 3052 1247 3085 et
1266 3043 1438 3085 mobilia
1456 3053 1499 3087 et
1517 3045 1875 3102 impenetrabilia:

973 3116 994 3146 b
1016 3118 1037 3145 2
