2086 3542
171 235 409 286 Danant]
612 230 934 274 PRINCIPIA
964 230 1459 275 MATHEMATICA.
1833 238 1884 275 13

172 357 276 408 lunt,
304 362 347 397 et
366 354 556 398 Planetas
577 368 716 396 secum
734 353 916 405 deferre3
936 354 1109 411 singulae
1132 354 1345 396 Coelorum
1363 362 1513 410 parteS,
1549 362 1591 396 et
1611 355 1792 397 Planetae
1814 356 1886 413 qui

174 425 342 469 relative
361 425 528 482 quidem
552 425 597 466 in
619 425 745 467 Coelis
765 425 1060 480 suisproximis
1079 425 1305 481 quiescunt,
1321 432 1539 467 moventur
1556 424 1665 467 vere.
1717 426 1888 468 Mutant

173 497 284 540 enim
301 496 522 552 positiones
542 511 634 537 suas
652 495 706 537 ad
725 495 900 537 invicem
920 499 1052 552 (secus
1067 494 1191 552 quam
1211 496 1260 537 fit
1277 496 1321 537 in
1341 495 1435 538 vere
1455 495 1769 552 quiescentibus)
1785 498 1886 538 una-

173 583 254 625 que
268 582 363 610 cum
375 563 488 608 coelis
508 567 633 609 delati
647 567 896 622 participant
910 581 1054 608 eorum
1065 574 1212 618 motus,
1234 575 1276 609 et
1290 574 1337 609 ut
1353 574 1494 624 partes
1513 564 1809 610 revolventium
1822 574 1887 608 to-

170 649 323 690 torum,
345 637 398 680 ab
417 652 563 680 eorum
581 638 729 680 axibus
748 637 940 680 recedere
959 642 1174 680 conantur.'

228 722 489 773 Quantitates
519 722 700 764 relativae
729 736 816 763 non
835 729 930 763 sunt
958 721 1086 780 igitur
1110 737 1172 764 eae
1190 722 1291 778 ipsae
1317 721 1574 778 quantitates,
1607 736 1782 779 quarum
1810 736 1888 764 no-

170 793 283 835 mina
300 807 390 849 prae
409 808 453 835 se
470 793 621 844 ferunt,
642 792 715 835 sed
741 800 836 835 sunt
863 807 1007 835 earum
1030 807 1236 835 mensurae
1260 792 1345 835 illae
1370 793 1580 835 sensibiles
1614 797 1740 850 (verae
1753 808 1808 836 an
1822 808 1888 835 er-

169 866 323 919 rantes)
353 866 501 922 quibus
526 866 673 923 vulgus
705 865 799 907 loco
825 865 1099 922 quantitatum
1123 873 1451 908 mensuratarum
1482 865 1622 908 utitur.
1680 865 1743 909 At
1772 865 1807 907 si
1834 879 1888 906 ex

169 952 248 979 usu
267 936 514 979 definiendae
539 944 635 979 sunt
658 936 880 978 verborum
905 936 1236 994 significationes,
1267 951 1343 992 per
1368 936 1539 979 nomina
1561 936 1635 978 illa
1654 935 1886 991 TemporiS,

174 1007 319 1063 Spatii,
342 1008 447 1050 Loci
466 1015 508 1050 et
527 1007 672 1050 Motus
689 1006 864 1063 proprie
889 1007 1168 1064 intelligendae
1194 1015 1316 1050 erunt
1339 1007 1407 1049 hae
1431 1022 1637 1050 mensurae
1662 1006 1887 1057 sensibiles3

171 1087 213 1121 et
232 1093 366 1120 sermo
385 1079 463 1120 erit
480 1079 658 1120 insolens
672 1085 714 1120 et
731 1077 836 1134 pure
864 1078 1196 1131 Mathematicus,
1227 1079 1262 1121 si
1292 1079 1538 1135 quantitates
1555 1086 1801 1120 mensuratae
1819 1076 1889 1121 hic

169 1141 462 1207 intelligantur.
534 1149 717 1192 Proinde
744 1150 827 1191 vim
859 1149 1041 1191 inferunt
1073 1150 1209 1192 Sacris
1243 1149 1407 1201 Literis,
1441 1150 1512 1206 qui
1542 1164 1662 1191 voces
1680 1149 1802 1191 hasce
1835 1148 1889 1192 de

170 1220 462 1278 quantitatibus
487 1220 730 1263 mensuratis
755 1220 815 1262 ibi
841 1220 1176 1276 interpretantur.
1254 1221 1403 1277 Neque
1431 1220 1570 1262 minus
1607 1220 1888 1265 contaminant

171 1291 385 1335 Mathesin
403 1299 446 1334 et
466 1291 790 1348 Philosophiam,
824 1291 895 1348 qui
914 1291 1160 1348 quantitates
1174 1305 1290 1333 veras
1308 1305 1405 1333 cum
1422 1291 1605 1347 ipsarum
1622 1290 1889 1333 relationibus

170 1370 212 1406 et
230 1363 466 1421 vulgaribus
484 1363 685 1405 mensuris
704 1362 976 1405 confundunt.

229 1434 378 1477 Motus
391 1433 558 1491 quidem
570 1448 686 1475 veros
698 1433 1188 1491 corporumisingulorum
1201 1446 1461 1490 cognoscere,
1478 1439 1519 1474 et
1533 1431 1586 1473 ab
1597 1431 1890 1487 apparentibus

171 1512 266 1547 actu
285 1505 578 1556 discriminare,
599 1504 884 1546 difficillimum
903 1511 988 1546 est:
1017 1510 1238 1559 propterea
1256 1502 1370 1559 quod
1388 1510 1526 1558 partes
1544 1503 1665 1559 spatii
1683 1502 1792 1544 illius
1811 1503 1889 1543 im-

170 1576 347 1628 mobilis,
378 1576 424 1618 in
443 1591 526 1633 quo
547 1590 724 1630 corpora
741 1573 836 1617 vere
855 1582 1087 1627 moventur,
1117 1590 1203 1617 non
1222 1575 1440 1616 incurrunt
1464 1575 1508 1616 in
1539 1590 1691 1616 sensuS.
1753 1575 1890 1617 Causa

170 1654 308 1690 tamen
326 1661 417 1690 non
436 1655 497 1689 est
514 1661 685 1702 prorsus
704 1646 932 1703 desperata.
991 1647 1102 1690 Nam
1136 1654 1380 1704 argumenta
1404 1646 1563 1688 desumi
1581 1653 1765 1701 possunt,
1792 1660 1889 1701 par-

171 1719 246 1760 tim
274 1733 327 1760 ex
344 1718 523 1760 motibus
538 1718 828 1774 apparentibus
842 1718 913 1775 qui
925 1727 1020 1759 sunt
1033 1726 1222 1759 motuum
1240 1732 1437 1759 verorum·
1453 1717 1706 1768 differentiae,
1737 1717 1889 1772 partim

172 1805 227 1832 ex
244 1790 397 1836 viribus
417 1805 510 1847 quae
529 1796 625 1831 sunt
642 1797 831 1831 motuum
849 1804 1042 1832 verorum
1062 1804 1196 1831 causae
1222 1797 1263 1831 et
1282 1789 1458 1831 effectus.
1519 1789 1584 1831 Ut
1602 1788 1635 1829 si
1654 1787 1769 1845 globi
1788 1788 1886 1839 duo,

171 1861 227 1903 ad
244 1861 383 1903 datam
394 1861 446 1903 ab
461 1862 636 1903 invicem
655 1861 889 1903 distantiam
907 1861 980 1902 filo
995 1860 1273 1902 intercedente
1288 1860 1478 1911 connexi,
1492 1859 1798 1901 revolverentur
1810 1859 1888 1900 cir-

171 1947 220 1974 ca
237 1947 456 1974 commune
483 1932 693 1990 gravitatis
708 1943 908 1983 centrum,
930 1932 1202 1973 innotesceret
1220 1946 1273 1973 ex
1285 1931 1469 1973 tensione
1487 1931 1548 1972 fili
1562 1938 1732 1972 conatus
1743 1930 1888 1987 globo-

170 2018 265 2044 rum
283 2003 502 2046 recedendi
521 2004 574 2045 ab
594 2018 672 2045 axe
685 2013 834 2055 motuS,
863 2010 905 2045 et
922 2003 1021 2045 inde
1040 2003 1243 2060 quantitas
1269 2010 1404 2045 motus
1424 2002 1632 2043 circularis
1658 2001 1887 2056 computari

160 2082 320 2130 posset.
363 2075 439 2130 (q)
474 2075 641 2118 Deinde
661 2075 695 2116 si
713 2075 818 2116 vires
847 2074 1041 2131 quaelibet
1068 2074 1247 2130 aequales
1266 2074 1310 2114 in
1330 2073 1508 2115 alternas
1526 2073 1746 2130 globorum
1765 2072 1888 2114 facies

172 2145 228 2187 ad
254 2152 414 2186 motum
444 2145 683 2187 circularem
717 2145 953 2203 augendum
986 2145 1052 2188 vel
1084 2145 1356 2187 minuendum
1389 2144 1510 2185 simul
1540 2144 1886 2199 imprimerentur,

172 2216 444 2258 innotesceret
472 2231 527 2258 ex
546 2216 663 2257 aucta
683 2217 747 2257 vel
776 2215 975 2258 diminuta
996 2217 1056 2258 fili
1074 2217 1260 2258 tensione
1279 2223 1546 2273 augmentum
1565 2215 1630 2256 vel
1650 2214 1887 2256 decremen-

172 2295 262 2330 tum
280 2294 430 2338 motus,
463 2294 505 2328 et
532 2286 629 2328 inde
648 2286 815 2327 tandem
842 2287 1016 2328 inveniri
1034 2295 1203 2342 possent
1220 2287 1343 2329 facies
1361 2287 1582 2343 globorum
1601 2286 1644 2326 in
1665 2301 1765 2341 quas
1783 2286 1888 2326 vires

173 2358 356 2414 imprimi
369 2358 578 2408 deberent,
610 2364 657 2398 ut
675 2365 810 2398 motus
829 2358 1008 2399 maxime
1027 2366 1267 2414 augeretur3
1298 2357 1342 2398 id
1362 2365 1433 2407 est,
1455 2356 1580 2397 facies
1599 2356 1781 2410 posticae,
1804 2356 1888 2396 sive

174 2444 268 2485 quae
286 2430 331 2470 in
349 2436 466 2470 motu
485 2428 673 2470 circulari
693 2436 930 2484 sequuntur.
977 2428 1167 2485 Cognitis
1186 2435 1323 2468 autem
1337 2426 1516 2468 faciebus
1537 2441 1629 2481 quae
1649 2434 1885 2481 sequuntur,

174 2507 217 2541 et
243 2499 425 2542 faciebus
456 2500 653 2555 oppositis
682 2514 776 2555 quae
805 2499 1060 2555 praecedunt,
1092 2505 1406 2556 cognosceretur
1435 2497 1720 2538 determinatio
1739 2505 1886 2539 motus.

174 2571 227 2612 In
245 2570 358 2612 hunc
377 2570 548 2611 modum
567 2570 742 2611 inveniri
759 2578 897 2625 posset
916 2578 957 2611 et
976 2570 1179 2626 quantitas
1211 2577 1252 2610 et
1285 2568 1571 2610 determinatio
1603 2572 1737 2608 motus
1767 2567 1888 2624 hujus

172 2641 383 2684 circularis
402 2641 447 2682 in
465 2655 596 2682 vacuo
616 2641 758 2696 quovis
778 2641 990 2692 immenso,
1012 2641 1084 2682 ubi
1103 2640 1207 2681 nihil
1227 2647 1388 2682 extaret
1406 2647 1623 2680 externum
1642 2646 1683 2679 et
1702 2638 1889 2681 sensibile

172 2727 351 2768 quocum
371 2712 491 2769 globi
509 2711 686 2753 conferri
703 2701 894 2767 possent.
956 2712 1002 2755 Si
1024 2713 1112 2767 jam
1131 2711 1474 2753 constituerentur
1492 2709 1536 2750 in
1556 2708 1687 2764 spatio
1706 2708 1778 2750 illo
1797 2724 1888 2751 cor-

173 2820 332 2873 transierit,
349 2820 482 2893 §⁰05⁰ssae
497 2826 597 2860 partes
611 2831 699 2861 aquae
715 2820 786 2862 (18)
811 2822 849 2893 ag)
872 2831 930 2851 axe
943 2831 1011 2873 {no-
1051 2818 1162 2891 pgrtim
1197 2828 1234 2848 ex
1267 2817 1297 2847 vi
1318 2816 1570 2888 qenfflssgssssiu
1584 2823 1720 2890 iconatut
1727 2817 1890 2890 recheudi

173 2869 236 2954 ξε
249 2873 403 2936 ζέἷιέἒω
425 2872 550 2936 „Q
564 2873 607 2935 1⁶1?
607 2869 914 2936 ‘iffsssemssaeffinffit
923 2873 1015 2935 ἓξὲξ
1053 2870 1339 2951 ἲῂωὶξθοᾚιῗὲὲ
1358 2870 1506 2938 lisania,
1513 2869 1584 2932 Ἣ
1590 2865 1735 2942 αὲἓὶἳρε
1746 2868 1892 2934 ''Seffiltffi

172 2952 271 3024 3:1⁸1?ss
278 2947 1015 3030 anguloaffelgrigizlgaeuffiffibffieedgoeajffli
1050 2947 1220 3031 &higna-3·
1249 2989 1281 3018 Si
1309 2987 1344 3017 in
1371 2986 1512 3022 alternam
1535 2996 1591 3017 seu
1615 2986 1634 3017 ὲ
1661 2987 1811 3018 diametro
1835 2988 1891 3019 sibi

138 3038 142 3043 ·
172 3036 289 3061 conatu
304 3032 343 3061 ab
357 3041 416 3062 axe
429 3031 533 3062 motfis
547 3042 603 3071 per
617 3037 779 3073 tangentes
802 3032 944 3062 recedere
966 3031 1015 3061 ni-
1057 3031 1212 3070 oppositas
1226 3030 1392 3071 globorum
1404 3028 1506 3065 facies,
1522 3028 1564 3059 ad
1576 3034 1698 3059 motum
1712 3029 1891 3060 circularem

171 3078 291 3104 tuntur.
339 3075 403 3114 (10.
428 3074 490 3114 ll.)
515 3073 615 3105 Pon-‹¹›
629 3085 703 3105 cum
717 3075 799 3104 inter
812 3074 876 3104 vim
899 3073 1011 3104 centn‘-
1053 3073 1236 3113 augendum
1250 3072 1299 3101 vel
1313 3070 1528 3106 minuendum,
1550 3071 1801 3110 imprimerentur
1815 3073 1894 3102 vires

169 3115 282 3156 fugam
297 3121 328 3146 et
341 3115 529 3146 celeritatem
539 3117 676 3156 corporis
688 3116 722 3146 in
738 3116 812 3146 dato
826 3116 942 3146 circulo
963 3125 1012 3145 re-
1053 3115 1199 3156 quaelibet
1214 3113 1356 3154 aequales,
1372 3124 1442 3153 quae
1460 3112 1590 3152 proinde
1605 3124 1668 3143 non
1682 3116 1894 3153 perturbarent

169 3157 321 3189 volventis
335 3162 418 3189 certa
430 3156 540 3189 debeat
565 3168 630 3189 esse
652 3168 689 3189 ac
712 3158 919 3189 determinata
939 3167 1011 3198 pro-
1053 3157 1261 3198 aequilibrium
1277 3155 1442 3198 globorum
1457 3155 1538 3186 circa
1552 3166 1718 3186 commune
1738 3156 1895 3197 gravitatis
