2086 3542
233 312 287 351 70
647 305 1098 349 PHILOSOPHIAE
1129 304 1491 349 NATURALIS
1576 305 1720 358 [Mor.
1742 306 1934 351 Com-on.

230 420 371 463 Corol.
393 420 451 474 6.)
473 419 507 461 si
525 420 566 462 vi
586 420 707 471 nova,
731 435 824 478 quae
844 422 1013 481 aequal'is
1034 429 1075 463 et
1094 421 1300 463 contraria
1316 420 1369 463 sit
1387 420 1459 471 illi,
1491 421 1572 477 que
1593 436 1741 476 corpus
1762 421 1941 470 alterum,

230 493 272 534 T
290 500 474 550 urgetur,
495 500 693 549 urgeatur
713 507 862 547 corpus
883 502 1103 549 utrumque
1124 490 1351 535 secundum
1370 493 1498 535 lineas
1516 493 1733 548 parallelas
1748 510 1759 543 3
1789 502 1936 552 perget

225 579 375 619 corpus
390 565 570 618 primum
588 564 626 606 L
643 564 876 606 describere
892 565 1001 605 circa
1013 579 1164 620 corpus
1180 565 1355 607 alterum
1371 565 1412 606 T
1426 580 1542 607 areas
1555 566 1720 608 easdem
1733 581 1782 608 ac
1792 565 1929 622 prius:

224 637 284 679 vis
305 645 456 688 autem,
480 653 561 694 qua
581 652 730 692 corpus
750 637 926 678 alterum
947 637 988 678 T
1007 638 1243 694 urgebatur,
1260 639 1348 692 jam
1375 637 1611 680 destruetur
1638 652 1716 693 per
1741 639 1826 680 vim
1855 638 1936 680 sibi

223 710 426 766 aequalem
448 719 490 753 et
509 710 756 751 contrariam
773 727 785 759 ;
819 718 860 751 et
878 717 1099 764 propterea
1114 711 1207 764 (per
1221 706 1324 765 Leg.
1343 708 1397 762 Ι.)
1418 723 1568 764 corpus
1583 708 1687 751 illud
1701 710 1876 752 alterum
1892 710 1935 752 T

223 780 386 822 sibimet
405 780 483 835 ipsi
497 781 585 836 jam
605 779 793 822 relictum
812 780 876 821 vel
897 779 1091 835 quiescet,
1123 778 1189 820 vel
1207 778 1441 820 movebitur
1459 779 1718 822 uniformiter
1735 780 1779 822 in
1799 781 1933 823 direo-

221 860 333 893 tum:
365 860 406 893 et
426 865 575 906 corpus
595 851 775 906 primum
797 850 836 892 L
855 857 1029 907 urgente
1060 848 1287 891 differenti&
1317 849 1481 900 virium,
1510 849 1556 891 id
1584 858 1659 902 est,
1689 859 1864 908 urgente
1891 851 1934 892 vi

220 922 380 978 relique
396 930 542 978 perget
557 937 672 963 areas
685 921 939 976 temporibus
958 920 1287 976 proportionales
1308 920 1417 962 circa
1435 935 1585 975 corpus
1605 921 1779 964 alterum
1798 922 1842 964 T
1860 922 1936 964 de-.

220 995 413 1036 scribere.
474 995 630 1036 Tendit
649 995 774 1051 igitur
805 997 896 1049 (per
917 993 1072 1034 Theor.
1096 993 1175 1045 II.)
1206 992 1438 1034 differentia
1468 993 1619 1035 virium
1639 993 1694 1034 ad
1713 1007 1863 1049 corpus
1883 993 1933 1035 il-

221 1065 295 1106 lud
316 1065 492 1107 alterum
512 1065 554 1106 T
574 1075 620 1106 ut
639 1073 839 1106 centrum.
900 1064 954 1112 Q.
977 1079 1012 1109 e,
1034 1063 1075 1104 d.

279 1138 410 1178 Corol.
436 1143 472 1178 1.
504 1137 621 1178 Hinc
651 1136 686 1177 si
715 1150 864 1190 corpus
895 1149 1024 1175 unum
1045 1134 1084 1176 L
1104 1134 1221 1176 radio
1250 1135 1305 1176 ad
1333 1135 1508 1177 alterum
1529 1136 1572 1177 T
1590 1135 1716 1177 ducto
1735 1135 1933 1178 describit

218 1221 335 1247 areas
357 1206 611 1260 temporibus
631 1204 961 1260 proportionales
973 1220 985 1254 3
1016 1213 1138 1260 atque
1158 1205 1211 1246 de
1239 1206 1282 1246 vi
1310 1205 1395 1247 tote
1427 1206 1529 1261 (sive
1549 1206 1738 1261 simplici,
1769 1206 1856 1249 sive
1874 1221 1931 1249 ex

217 1277 372 1318 viribus
387 1277 574 1331 pluribus
582 1277 704 1331 juxta
717 1276 881 1332 Legum
896 1275 1173 1321 Corollarium
1186 1277 1414 1317 secundum
1426 1276 1671 1332 composite)
1685 1276 1767 1334 que
1780 1292 1930 1333 corpus

216 1347 332 1401 prius
354 1347 393 1388 L
413 1354 596 1403 urgetur,
620 1346 871 1388 subducatur
892 1349 984 1401 (per
1003 1345 1115 1387 idem
1136 1345 1301 1402 Legum
1323 1347 1616 1399 Corollarium)
1636 1348 1698 1389 vis
1711 1356 1798 1390 tota
1813 1363 1929 1390 acce-

215 1418 400 1468 leratrix,
423 1432 506 1473 qua
524 1432 675 1472 corpus
696 1418 869 1459 alterum
891 1425 1085 1474 urgetur:
1117 1417 1177 1458 vis
1197 1417 1330 1458 omnis
1351 1417 1521 1473 reliqua,
1543 1417 1624 1474 quii
1644 1433 1795 1474 corpus
1812 1420 1928 1475 prius

218 1496 402 1545 urgetur,
434 1487 576 1529 tendet
595 1488 649 1528 ad
669 1502 817 1542 corpus
839 1487 1013 1528 alterum
1035 1487 1077 1528 T
1095 1495 1143 1529 ut
1162 1495 1362 1529 centrum.

276 1561 406 1602 Corol.
430 1565 468 1601 2.
501 1559 570 1611 Et,
593 1560 627 1600 si
647 1574 754 1601 areae
774 1559 856 1600 illae
877 1567 973 1601 sunt
985 1558 1240 1613 temporibus
1256 1557 1569 1617 quamproxime
1582 1559 1924 1614 proportionales,

215 1630 275 1671 vis
296 1630 454 1686 reliqua
473 1631 615 1674 tendet
635 1630 688 1671 ad
708 1645 856 1685 corpus
876 1629 1050 1671 alterum
1072 1629 1114 1670 T
1133 1629 1458 1684 quamproxime.

274 1703 404 1743 Corol.
428 1708 466 1744 3.
499 1702 556 1743 Et
574 1702 662 1743 vice
678 1702 807 1752 verse,
831 1701 865 1742 si
884 1701 944 1742 vis
963 1701 1121 1756 reliqua
1141 1700 1274 1741 tendit
1293 1699 1607 1755 quamproxime
1627 1700 1682 1741 ad
1701 1715 1851 1756 corpus
1863 1701 1923 1743 al-

214 1782 349 1815 terum
370 1775 424 1825 T,
447 1783 569 1816 erunt
588 1790 696 1815 areae
717 1774 800 1815 illae
820 1773 1076 1828 temporibus
1097 1771 1412 1828 quamproxime
1431 1771 1774 1826 proportionales.

273 1846 402 1886 Corol.
425 1851 465 1886 4.
499 1845 544 1887 Si
565 1860 714 1900 corpus
737 1845 775 1887 L
795 1844 912 1886 radio
933 1844 987 1885 ad
1007 1843 1182 1884 alterum
1203 1857 1352 1897 corpus
1373 1842 1414 1884 T
1433 1842 1558 1883 ducto
1579 1842 1771 1884 describit
1789 1857 1919 1894 areas,

218 1929 312 1971 quoe
332 1929 427 1956 cum
447 1915 701 1970 temporibus
732 1914 894 1956 collatae
929 1922 1025 1956 sunt
1054 1912 1174 1955 valde
1203 1912 1447 1971 inaequales3
1479 1921 1521 1955 et
1549 1927 1699 1968 corpus
1728 1912 1832 1955 illud
1859 1914 1920 1955 al-

214 2238 291 2278 Leg.
324 2237 427 2268 Con-ol.
457 2242 486 2268 6.
522 2238 548 2268 si
579 2238 607 2268 vi
634 2239 712 2269 nove
741 2239 950 2271 accelerati-ice
972 2249 1044 2280 quoe

212 2280 340 2320 aequalis
354 2287 384 2309 et
398 2281 548 2310 contraria
562 2281 601 2311 sit
614 2281 659 2312 illi
681 2282 743 2322 qua
764 2293 874 2322 corpus
890 2283 919 2312 T
934 2292 1043 2312 secun-

211 2322 289 2352 dum
303 2322 501 2352 directionem
518 2323 547 2353 T
566 2324 598 2359 Q
611 2330 747 2364 urgetur,
773 2331 919 2365 urgeatur
932 2334 1044 2363 corpus

210 2371 378 2404 utrumque
392 2364 562 2395 secundum
575 2365 670 2396 lineas
682 2367 839 2404 parallelas
853 2368 886 2402 Q,
894 2367 933 2403 T,
949 2367 983 2402 Q
993 2367 1042 2404 L3

211 2413 317 2446 perget
332 2416 442 2445 corpus
455 2407 491 2444 L,
507 2407 674 2438 describere
689 2409 768 2439 circe
783 2419 894 2448 corpus
905 2409 943 2445 T,
959 2419 1044 2439 areas

211 2449 333 2478 easdem
362 2459 398 2478 ac
425 2448 510 2488 prius
518 2461 528 2487 3
559 2451 606 2479 vis
633 2457 736 2480 autem
765 2451 957 2482 accelerattix
980 2450 1043 2490 quei

210 2501 321 2527 corpus
337 2491 366 2521 T
381 2493 546 2531 urgebatur
563 2492 629 2533 jam
648 2493 822 2524 destruetur
836 2504 889 2533 per
902 2494 966 2523 vim
986 2493 1044 2523 sibi

211 2533 359 2573 aequalem
371 2540 401 2563 et
411 2534 591 2565 contrariam
603 2547 613 2572 ;
629 2542 659 2565 et
669 2535 834 2574 propter-ee,
848 2546 903 2575 per
916 2537 992 2576 Leg.
1011 2539 1039 2566 1.

211 2584 321 2614 corpus
342 2574 421 2606 illud
443 2576 482 2613 T,
512 2577 634 2608 sibimet
662 2578 719 2616 ipsi
744 2579 811 2618 Jam
830 2578 972 2609 relictum
994 2577 1043 2607 vel

212 2618 346 2657 quiescet
361 2618 408 2647 vel
423 2620 596 2650 movebitur
610 2619 804 2650 uniformiter
824 2620 856 2650 in
871 2620 1040 2656 directum3

212 2659 358 2689 nimirum
374 2661 516 2700 quiescet,
534 2662 559 2692 si
574 2661 660 2691 nulle
674 2661 735 2692 alia
751 2661 781 2691 vi
795 2669 904 2700 praeter
925 2662 1039 2692 accele-

210 2702 350 2731 ratricem
365 2702 535 2743 secundum
550 2703 748 2734 directionem
765 2704 795 2735 T
808 2704 850 2739 Q,
865 2703 936 2735 ante
949 2714 1041 2744 urge·

212 2743 300 2773 batur
312 2755 320 2780 ;
337 2745 510 2776 movebitur
520 2745 590 2780 vere
601 2746 789 2786 aequabiliter
800 2756 853 2785 per
860 2752 974 2776 rectam
984 2746 1040 2776 ali-

212 2795 305 2823 quam
321 2787 350 2816 T
363 2787 397 2823 F,
411 2787 435 2817 si
443 2795 555 2827 praeter
565 2789 626 2818 vim
638 2788 877 2819 accelerat-ricem
891 2798 945 2827 per
955 2789 985 2819 T
996 2789 1037 2824 Q,

212 2834 363 2866 agentem,
380 2830 439 2859 alifi
450 2830 480 2860 vi
495 2840 558 2860 non
569 2830 776 2862 acceleratrice
787 2830 940 2862 ferebatur
949 2830 1040 2871 juxte

211 2867 408 2900 ditectionem
424 2872 453 2902 T
471 2873 506 2910 F,
521 2874 577 2905 &c-
614 2888 617 2893 ¹
