2086 3542
204 278 288 315 204

604 267 1054 312 PHILOSOPHIAE
1085 245 1453 315 NATURALJS
1528 268 1675 317 [Mor.
1699 269 1898 327 eoarot.

203 386 252 426 lis
271 392 343 436 est,
374 385 549 441 ideoque
567 383 707 425 omnia
721 383 879 439 spiralis
897 390 1051 438 puncta
1061 396 1136 437 per
1148 382 1422 438 aequationem
1436 382 1594 426 finitam
1614 382 1787 424 inveniri
1802 397 1900 440 pos-

201 462 314 497 sunt:
344 462 385 497 et
403 462 624 510 propterea
648 462 776 495 -rectae
796 453 972 509 cujusvis
1005 452 1209 508 positione
1243 453 1351 498 datae
1389 453 1626 495 intersectio
1647 467 1741 495 cum
1761 441 1900 512 spinuli

200 525 373 567 inveniri
392 526 514 567 etiam
533 531 670 579 potest
687 539 763 579 per
782 524 1055 580 aequationem
1074 523 1244 567 finitam.
1306 524 1436 579 Atqui
1455 531 1568 566 recta
1586 523 1719 565 omnis
1740 523 1899 567 infinite

199 595 400 650 producta
429 595 620 650 spiralem
640 602 751 637 secat
782 595 827 635 in
845 594 1019 649 punctis,
1050 608 1223 637 numero
1253 593 1438 646 infinitis,
1469 602 1511 636 et
1526 594 1575 650 (Β)
1595 594 1785 651 aequati0‚
1816 592 1897 651 quii

199 1821 417 1862 perpendicula
434 1822 467 1858 Q
478 1831 501 1858 r,
523 1832 545 1861 p
562 1821 601 1859 L,
625 1827 656 1853 et
681 1821 791 1852 eodem
805 1827 942 1860 tempore
967 1831 1030 1862 quo

198 1871 348 1903 punctum
377 1875 405 1901 a,
427 1871 583 1903 percurret
607 1875 713 1894 arcum
733 1875 752 1894 a
772 1874 814 1900 m,
837 1870 988 1902 punctum
1008 1873 1029 1901 p

197 1912 353 1945 percurret
366 1912 479 1936 rectam
495 1906 524 1936 L
538 1916 578 1944 n;
604 1906 787 1946 quiipropter
801 1911 942 1935 nascente
957 1915 1030 1935 arcu

197 1959 217 1978 a
229 1958 272 1985 m,
295 1948 352 1978 erit
368 1948 397 1978 L
411 1958 434 1977 n
448 1954 484 1978 ut
497 1948 640 1978 velocitas
653 1948 763 1987 puncti
776 1958 797 1987 p
811 1947 844 1978 in
858 1947 939 1978 recta
960 1947 984 1978 P
999 1959 1023 1983 s,

197 1990 256 2020 hoc
285 1995 339 2026 est,
364 1991 431 2031 (per
444 1989 534 2029 hyp.)
551 1995 587 2019 ut
611 1989 797 2029 quadratum
811 1996 902 2020 rectae
919 1990 948 2020 P
973 1991 1025 2026 Q;

197 2041 288 2070 porro
306 2033 345 2062 ob
373 2031 527 2072 triangula
549 2031 660 2062 similia
687 2032 715 2062 P
739 2042 814 2067 am,
839 2031 868 2062 P
894 2032 955 2068 Qr
982 2038 1028 2062 est

199 2098 699 2134 PazPQ=aszr=
739 2074 903 2156 PQP>2⁸
930 2085 963 2104 m

962 2122 972 2137 ,
988 2110 1024 2131 ac

197 2165 325 2205 proinde
339 2165 460 2196 sectoris
485 2165 635 2196 nascentis
646 2166 674 2196 P
691 2167 725 2203 Q
736 2177 756 2208 q
776 2178 846 2198 area
870 2168 894 2210 ἦ
910 2169 941 2204 Q
954 2179 970 2198 r
985 2173 1020 2206 Χ

198 2233 226 2263 Ρ
244 2234 334 2269 Q:
352 2208 380 2238 P
397 2209 430 2243 Q
443 2209 458 2226 ²
476 2212 509 2245 ><
527 2217 544 2236 a
558 2217 591 2237 m

413 2265 432 2289 2
449 2260 477 2290 P
497 2270 515 2289 a

196 2304 216 2330 2
234 2300 261 2331 Ρ
275 2311 302 2337 a,
325 2301 386 2332 sint
399 2301 582 2342 quantitates
596 2306 767 2333 constantes
784 2304 835 2344 (ex
858 2303 949 2344 hyp.)
964 2304 1022 2335 erit

196 2348 292 2372 sector
308 2343 336 2373 P
352 2344 384 2379 Q
395 2355 423 2384 q,
439 2353 566 2374 nascens
580 2354 634 2373 seu
649 2343 745 2374 fluxio
759 2355 837 2375 areae
854 2346 882 2376 P
895 2347 926 2376 A
946 2346 1022 2382 Qut

197 2384 226 2414 P
243 2385 276 2420 Q
288 2386 314 2422 2,
338 2391 429 2426 atque
442 2383 511 2416 ideo
524 2391 560 2415 ut
574 2395 700 2416 nascens
714 2386 744 2416 L
758 2397 789 2423 n,
812 2398 866 2418 seu
880 2395 916 2418 ut
930 2388 1025 2419 fluxio

194 2432 284 2456 rectae
301 2427 329 2458 P
342 2438 371 2466 p,
388 2434 419 2458 et
433 2428 503 2457 hinc
514 2433 578 2458 tota
588 2437 658 2457 area
670 2427 769 2459 fluens
783 2429 811 2459 P
824 2431 855 2460 A
868 2431 909 2467 Q,
922 2431 978 2461 erit
987 2437 1022 2462 ut

195 2473 258 2498 tota
271 2475 352 2499 recta
366 2469 462 2500 fluens
474 2470 501 2500 P
515 2480 546 2508 p,
565 2470 653 2510 (Cor.
668 2470 757 2501 Lem.
774 2471 855 2512 IV.)
882 2474 922 2509 Q.
941 2484 967 2504 e.
985 2473 1016 2504 d.

235 2514 307 2551 561.
325 2512 445 2542 Puncta
455 2522 475 2551 p
490 2518 521 2542 et
535 2512 567 2547 Q
578 2511 747 2543 referantur
757 2514 796 2543 ad
806 2521 919 2545 rectam
934 2516 963 2546 A
978 2516 1017 2550 B,

591 2254 600 2263 .
650 2234 733 2265 Cum
760 2235 857 2275 igitur
883 2246 902 2266 a
929 2246 963 2266 m
991 2241 1023 2266 et

193 2552 342 2591 positione
356 2553 458 2583 datam
483 2553 620 2583 demissis
633 2554 673 2584 ad
690 2555 719 2584 A
739 2556 767 2585 B
786 2557 1031 2595 perpendicula--

193 2594 324 2630 ribusQ
349 2595 393 2630 H,
417 2595 591 2635 stitque
619 2606 688 2626 area
715 2597 744 2627 P
770 2598 798 2628 A
829 2599 869 2635 Q,
893 2600 1017 2639 aequalis

194 2637 353 2675 quantitati
369 2637 464 2668 finitae
480 2638 510 2668 E
526 2648 562 2668 ex
588 2637 678 2668 lineis
699 2639 893 2671 variabilibus
923 2642 951 2672 P
967 2643 1014 2679 H,

197 2679 231 2712 Q
245 2679 279 2709 H
295 2685 325 2708 et
339 2679 406 2709 aliis
431 2679 638 2710 constantibus
651 2682 880 2720 quomodolibet
893 2693 1016 2723 compo-

194 2719 266 2755 sitm,
290 2727 321 2750 et
345 2722 490 2761 quoniam
518 2721 600 2752 linea
629 2722 656 2752 P
671 2732 692 2761 p
721 2733 798 2754 areae
815 2724 844 2754 P
860 2726 890 2755 A
910 2725 943 2760 Q
962 2736 1017 2756 seu

193 2762 353 2799 quantitati
369 2763 462 2793 finitae
479 2763 508 2793 E
524 2763 754 2802 proportionalis
764 2771 808 2796 est
824 2767 915 2807 (360)
936 2767 1018 2798 linea

192 2802 245 2850 illa
258 2805 385 2843 exprimi
399 2805 508 2844 poterit
532 2815 586 2845 per
604 2805 720 2837 factum
744 2818 781 2838 ex
796 2809 964 2849 quantitate
986 2810 1016 2840 Ε

193 2853 226 2874 m
240 2847 436 2884 quantitatem
452 2853 642 2878 constantem
659 2848 697 2887 B,
714 2849 830 2891 eritque
847 2851 875 2881 P
888 2861 961 2890 p=
987 2854 1017 2884 Ε

197 2890 230 2921 ><
250 2888 276 2916 B
292 2890 421 2927 aequatio
434 2889 530 2921 finita.
555 2889 673 2921 Verum
685 2893 724 2922 ob
738 2891 849 2923 similia
862 2893 1016 2934 triangula

197 2927 225 2957 P
251 2928 276 2957 F
297 2939 326 2967 p,
356 2930 383 2960 P
409 2931 443 2961 H
470 2933 504 2967 Q
530 2937 560 2963 et
587 2933 740 2973 angulum
766 2933 807 2966 ad
826 2935 862 2966 H
891 2942 1019 2974 rectum,

197 2981 523 3023 Pp2pF=PQ‚
547 2997 600 3017 seu
623 2978 1014 3028 xlm—1³²²

201 3029 1015 3086 QH‚eth2PF=PQsequfi²-41QH2=

1074 1820 1102 1851 P
1125 1820 1171 1855 H,
1196 1825 1226 1849 et
1247 1818 1393 1858 praeterea
1414 1828 1451 1848 ex
1473 1818 1583 1849 natura
1603 1818 1698 1850 ovalis
1715 1819 1744 1850 A
1764 1821 1798 1856 Q
1812 1820 1839 1852 C
1857 1821 1896 1859 B,

1072 1862 1163 1892 datur
1190 1862 1250 1892 alia
1274 1861 1405 1901 aequatio
1432 1861 1513 1891 inter
1539 1861 1568 1892 P
1594 1861 1631 1891 H
1656 1867 1687 1892 et
1715 1863 1748 1898 Q
1772 1862 1819 1898 H,
1849 1863 1898 1893 in-

1071 1904 1238 1934 veniuntur
1258 1902 1331 1944 erg&
1352 1909 1484 1944 quatuor
1505 1903 1691 1944 oequationes
1710 1903 1806 1934 finitae
1826 1915 1897 1944 qun

1068 1946 1162 1976 simul
1175 1946 1310 1986 quinque
1324 1951 1445 1975 tantum
1459 1945 1625 1982 variabiles,
1649 1946 1796 1976 nimirum
1821 1946 1851 1977 P
1863 1957 1894 1986 p,

1071 1988 1099 2019 P
1116 1989 1151 2024 F,
1174 1998 1195 2027 p
1212 1988 1247 2024 F,
1268 1988 1296 2018 P
1311 1987 1359 2024 H,
1379 1987 1412 2022 Q
1426 1987 1462 2017 H
1483 1987 1649 2023 continent,
1673 1998 1804 2029 quaeque
1824 1998 1895 2027 pro-

1068 2030 1141 2061 inde
1165 2030 1205 2060 ad
1230 2029 1354 2060 unicam
1377 2029 1581 2070 aequationem
1604 2029 1723 2060 finitam
1750 2035 1897 2069 poterunt

1066 2072 1171 2103 reduci
1199 2072 1232 2102 in
1264 2070 1327 2112 quii
1354 2071 1426 2102 duae
1462 2077 1583 2102 tantum
1609 2071 1769 2102 variabiles
1796 2072 1826 2103 P
1856 2073 1892 2109 F.

1065 2125 1086 2154 p
1104 2115 1131 2145 F
1145 2114 1344 2154 reperientur,
1368 2112 1508 2153 adeoque
1523 2123 1578 2152 per
1590 2114 1671 2144 hanc
1690 2114 1894 2154 aequafionem

1065 2157 1184 2187 finitam
1212 2156 1316 2187 omnia
1351 2155 1469 2194 spiralis
1497 2161 1613 2195 puncta
1643 2155 1772 2186 inveniri
1806 2163 1894 2196 pote.

1064 2205 1147 2236 runt,
1178 2204 1209 2229 et
1230 2197 1389 2237 propterea
1413 2203 1503 2228 rectae
1531 2197 1665 2238 cujusvis
1695 2198 1718 2228 S
1741 2208 1762 2237 p
1786 2199 1893 2238 pom'ti-

1065 2251 1124 2271 one
1139 2240 1218 2271 datae
1228 2240 1400 2270 intersectio
1414 2250 1435 2279 p
1450 2249 1521 2270 cum
1536 2239 1639 2279 spirali
1656 2239 1785 2270 inveniri
1799 2240 1890 2271 etiam

1063 2283 1176 2323 poterit
1190 2293 1244 2322 per
1259 2282 1462 2322 aquationem
1477 2281 1596 2312 finitam
1611 2294 1620 2319 3
1636 2292 1709 2312 cum
1723 2282 1807 2312 enim
1820 2282 1891 2314 duoe

1062 2331 1154 2355 rectae
1172 2326 1193 2355 S
1216 2335 1245 2364 p,
1277 2325 1298 2355 S
1315 2325 1343 2355 B
1366 2324 1515 2362 positione
1535 2323 1615 2354 datae
1635 2323 1705 2361 sint,
1727 2324 1809 2354 linea
1824 2324 1846 2355 S
1861 2325 1891 2356 P

1065 2364 1279 2408 magnitudine
1293 2372 1323 2397 et
1337 2366 1526 2406 triangulum
1540 2366 1561 2396 S
1585 2375 1607 2405 p
1618 2365 1644 2396 F
1657 2366 1757 2404 specie
1766 2365 1888 2403 dantm’,

1067 2407 1480 2440 ethincdaturratiolineae
1504 2407 1525 2437 S
1543 2407 1569 2438 F
1591 2417 1646 2437 seu
1673 2407 1695 2438 S
1712 2408 1788 2448 Pss
1810 2407 1840 2438 P
1861 2408 1891 2440 F

1064 2451 1104 2483 ad
1121 2452 1148 2482 F
1160 2462 1192 2491 p,
1215 2456 1246 2481 et
1259 2460 1339 2482 nova
1365 2449 1519 2480 invenitur
1532 2448 1663 2489 aequatio
1676 2448 1756 2480 inter
1771 2449 1801 2480 P
1816 2449 1844 2481 F
1857 2456 1890 2491 et

1065 2494 1093 2525 F
1105 2504 1127 2533 p
1139 2506 1148 2532 ;
1170 2503 1225 2532 per
1234 2493 1313 2523 hanc
1334 2491 1430 2532 igitur
1443 2490 1646 2531 aequationem
1654 2497 1686 2521 et
1693 2501 1748 2529 per
1759 2490 1888 2523 alterum

1060 2546 1130 2575 quae
1154 2535 1195 2565 ad
1216 2534 1356 2574 spiralem
1370 2538 1425 2570 est,
1451 2532 1734 2563 deoermimbuntur
1749 2532 1778 2563 P
1791 2533 1828 2571 F,
1857 2540 1890 2566 et

1061 2578 1127 2617 Fp‚
1143 2582 1354 2616 punctumque
1377 2574 1597 2605 intersectionis
1610 2585 1632 2613 p
1653 2574 1889 2616 invenIeturper

1059 2619 1262 2660 aequationem
1278 2618 1405 2648 finitam.

1103 2661 1148 2702 (θ)
1171 2664 1244 2691 362.
1271 2660 1378 2691 Lineae
1391 2658 1554 2690 duae.s.M
1569 2658 1600 2695 S,
1619 2658 1641 2690 S
1654 2669 1687 2689 m
1701 2669 1716 2690 s
1729 2668 1762 2690 se
1775 2660 1888 2693 mutua

1058 2703 1274 2735 intersecantes
1283 2702 1318 2732 in
1338 2701 1460 2740 punctis
1477 2701 1507 2737 S,
1530 2711 1546 2730 s
1566 2700 1606 2731 ad
1619 2700 1750 2732 eandem
1771 2708 1888 2734 rectam

1062 2746 1093 2775 A
1111 2746 1144 2780 Q
1163 2744 1312 2785 positione
1326 2741 1429 2775 datam
1449 2742 1628 2779 referantur,
1651 2743 1770 2784 sintque
1794 2745 1824 2775 A
1843 2746 1886 2783 Q,

1063 2787 1094 2818 A
1113 2787 1141 2818 P
1163 2786 1299 2817 abscissae
1321 2795 1510 2820 communes,
1535 2790 1566 2815 et
1590 2785 1668 2821 QS,
1694 2785 1786 2823 PM,
1809 2787 1887 2818 Pm

1060 2829 1100 2859 ad
1109 2839 1160 2860 eas
1168 2828 1334 2866 ordimtae3
1349 2826 1496 2868 quonjam
1506 2825 1540 2856 in
1565 2828 1781 2859 communibus
1792 2829 1887 2861 linen-

1057 2881 1127 2901 rum
1145 2871 1167 2901 S
1177 2871 1215 2901 M
1229 2881 1254 2907 s,
1268 2871 1290 2901 S
1299 2880 1333 2900 m
1344 2880 1367 2907 s,
1379 2868 1640 2900 intel-sectionibus
1651 2870 1682 2906 S,
1698 2871 1729 2907 S,
1740 2871 1886 2903 ordinatu

1064 2913 1093 2943 P
1108 2913 1157 2948 Μ,
1183 2913 1211 2949 P
1225 2922 1258 2942 m
1269 2918 1342 2943 sunt
1355 2910 1494 2952 equales,
1517 2911 1542 2941 si
1556 2911 1588 2941 in
1602 2911 1723 2943 duabus
1736 2913 1776 2944 ad
1789 2913 1887 2945 linea

1065 2955 1087 2986 S
1109 2955 1148 2986 M
1162 2965 1186 2992 s,
1212 2955 1234 2985 S
1258 2964 1290 2984 m
1305 2964 1320 2984 s
1333 2952 1565 2994 aequationibus,
1586 2961 1730 2986 manente
1756 2955 1886 2987 abscissa

1061 2997 1229 3034 communi,
1250 2996 1320 3026 loco
1334 2995 1540 3026 ordinatarum
1558 2995 1587 3026 P
1601 2996 1650 3032 M,
1670 2997 1698 3028 P
1711 3007 1754 3033 m,
1777 2997 1884 3030 endan

1061 3039 1208 3072 scribatur
1220 3038 1329 3076 littera,
1342 3048 1368 3070 v.
1380 3048 1427 3080 gr.
1439 3048 1470 3079 y,
1486 3043 1517 3070 et
1530 3037 1640 3071 deinde
1653 3049 1693 3071 ex
1707 3039 1768 3072 iuis
1780 3050 1885 3083 oqua-
