2086 3542
172 283 189 317 1
199 281 250 318 98
355 333 358 335 Α
517 272 966 317 PHILOSOPHIAE
977 270 980 276 ’
998 271 1356 315 NATURALIS
1473 269 1623 323 [Mor.
1656 269 1858 313 CORPOR-

167 388 350 444 trapezio
372 388 408 430 F
428 388 471 430 G
493 389 539 429 H
561 389 583 430 Ι
605 389 748 439 simile,
780 397 821 430 et
849 390 963 443 cujus
984 387 1122 443 anguli
1141 386 1169 436 f,
1190 400 1231 444 g,
1252 385 1294 436 h,
1317 386 1515 442 itangant
1533 392 1662 426 rectas
1682 384 1771 425 illas
1785 397 1861 437 po-

168 460 313 501 sitione
334 458 448 500 datas
484 459 525 500 A
547 459 597 509 B,
622 461 662 501 A
678 460 736 510 D,
761 460 798 501 B
818 460 876 509 D,
897 460 932 501 C
955 459 1005 509 E,
1038 457 1188 514 singuli
1222 457 1401 513 singulas
1421 457 1531 497 dicto
1550 456 1708 497 ordine.
1749 454 1862 496 Dein

167 530 275 570 circa
293 529 372 570 hoc
401 529 626 584 trapezium
659 529 913 573 describatur
939 528 1170 583 trajectoria
1203 541 1338 568 curvae
1366 526 1486 568 lineae
1517 526 1553 568 F
1583 525 1625 567 G
1643 525 1691 566 H
1722 525 1743 566 I
1764 538 1862 565 con-

167 600 319 641 similis.

887 731 1092 774 Scholium.

227 844 422 887 construi
442 843 564 885 etiam
583 850 717 898 potest
754 842 834 883 hoc
853 842 1067 896 problema
1104 849 1150 883 ut
1170 842 1362 898 sequitur.
1421 841 1580 883 Junctis
1603 841 1638 883 F
1659 839 1714 892 G,
1738 841 1779 883 G
1802 839 1863 889 H,

172 915 220 956 H
242 915 276 965 I,
300 914 335 955 F
357 914 378 955 I
397 913 556 968 produc
591 913 634 954 G
656 913 691 954 F
720 912 771 953 ad
793 913 845 962 V,
876 913 1086 968 jungeque
1127 912 1162 953 F
1183 912 1244 963 H,
1277 913 1299 954 I
1323 912 1385 962 G,*
1400 919 1442 953 et
1474 912 1633 968 angulis
1655 912 1691 953 F
1725 911 1768 953 G
1802 911 1864 961 H,
1887 917 1892 924 '

170 985 211 1026 V
233 985 272 1026 F
290 984 338 1025 H
356 984 420 1024 fac
438 983 609 1039 angulos
632 983 668 1024 C
690 983 730 1024 A
768 982 899 1045 K,·D
920 983 961 1023 A
983 982 1019 1022 L
1050 983 1239 1038 aequales.
1301 983 1560 1024 Concurrant
1591 981 1633 1023 A
1669 981 1724 1031 K,
1748 981 1789 1022 A
1828 980 1867 1021 L

171 1069 264 1096 cum
280 1061 390 1095 recta
406 1053 443 1094 B
457 1053 500 1094 D
521 1053 572 1113 in·
588 1053 630 1093 K
650 1061 692 1094 et
712 1052 763 1103 L,
781 1061 823 1094 et
841 1052 937 1093 inde
958 1060 1130 1108 agantur
1152 1053 1193 1093 K
1216 1053 1280 1102 M,
1304 1052 1342 1093 L
1363 1053 1424 1102 N,
1441 1067 1612 1108 quarum
1635 1051 1677 1092 K
1700 1050 1750 1091 M
1770 1064 1867 1091 con-

171 1126 311 1167 stituat
331 1122 532 1178 angulum
553 1122 593 1163 A
616 1122 658 1163 K
681 1122 732 1163 M
767 1122 965 1177 aequalem
992 1122 1144 1178 angulo
1166 1123 1207 1163 G
1230 1123 1278 1163 H
1300 1123 1334 1173 I,
1372 1123 1503 1177 sitque
1523 1122 1576 1162 ad
1607 1122 1648 1162 A
1671 1121 1713 1162 K
1732 1128 1779 1161 ut
1807 1127 1870 1161 est

172 1195 220 1236 H
261 1194 283 1235 Ι
315 1193 367 1234 ad
408 1193 451 1233 G
483 1192 531 1232 Η
542 1208 553 1241 ;
585 1200 626 1232 et
649 1192 684 1232 L
718 1192 761 1241 N
799 1192 1020 1232 constituat
1058 1192 1255 1249 angulum
1295 1194 1332 1233 A
1355 1193 1393 1234 L
1414 1189 1463 1233 N'
1485 1191 1685 1247 aequalem
1717 1189 1870 1246 angulo

173 1265 208 1307 F
249 1265 297 1306 H
328 1265 363 1314 Ι,
396 1264 528 1318 sitque
558 1262 611 1303 ad
647 1263 687 1303 A
709 1263 746 1303 L
781 1270 828 1303 ut
858 1262 905 1303 H
937 1263 958 1304 I
997 1263 1050 1303 ad
1091 1264 1126 1305 F
1159 1264 1219 1305 H.
1306 1263 1525 1306 Ducantur
1563 1272 1699 1304 autem
1730 1263 1769 1302 A
1812 1261 1868 1312 K,

175 1336 218 1377 K
234 1334 299 1384 M,
323 1335 362 1374 A
385 1333 435 1384 L,
460 1334 498 1374 L
514 1333 558 1374 N
577 1332 630 1373 ad
651 1348 718 1373 eas
738 1341 874 1387 partes
912 1333 1113 1376 linearum
1133 1335 1174 1375 A
1190 1334 1246 1384 D,
1271 1334 1310 1375 A
1329 1334 1383 1385 K,
1403 1335 1443 1375 A
1464 1335 1515 1385 L,
1547 1342 1594 1375 ut
1620 1334 1750 1374 literae
1772 1332 1808 1374 C
1829 1332 1871 1372 A

175 1406 216 1448 K
240 1404 290 1445 M
314 1405 362 1454 C,
388 1404 483 1444 AL
506 1402 623 1453 KA,
647 1402 690 1443 D
713 1403 955 1454 ALND,
979 1404 1125 1445 eodem
1159 1404 1303 1445 ordine
1333 1404 1573 1445 cumliteris
1606 1391 1873 1444 FGHIF

172 1476 218 1516 in
233 1475 376 1516 orbem
405 1473 576 1514 redeant
587 1489 599 1522 3
635 1480 678 1513 et
708 1481 799 1514 acta
820 1473 872 1514 M
893 1473 935 1514 N
951 1482 1140 1515 occurrat
1158 1482 1281 1515 rectae
1303 1474 1340 1515 C
1361 1473 1398 1514 E
1418 1474 1461 1514 in
1480 1474 1507 1515 i.
1558 1473 1643 1515 Fac
1677 1471 1874 1528 angulum

173 1546 248 1593 iE
269 1545 305 1586 P
325 1543 524 1599 aequalem
545 1543 699 1599 angulo
721 1543 743 1584 I
766 1543 809 1585 G
831 1544 878 1594 F,
902 1544 1033 1600 sitque
1055 1545 1091 1585 P
1113 1545 1150 1586 E
1171 1545 1224 1585 ad
1246 1545 1283 1586 E
1303 1545 1318 1585 i
1337 1552 1383 1586 ut
1404 1545 1439 1586 F
1461 1544 1504 1586 G
1524 1543 1577 1585 ad
1598 1543 1642 1586 G
1662 1543 1710 1593 I;
1741 1549 1782 1583 et
1799 1556 1875 1597 per

176 1616 212 1657 P
233 1622 377 1672 agatur
400 1614 434 1655 P
456 1613 498 1662 Q
517 1612 545 1662 f,
577 1628 670 1668 quae
691 1628 785 1654 cum
805 1614 915 1655 recta
938 1615 978 1656 A
998 1615 1042 1656 D
1061 1615 1098 1656 E
1114 1615 1321 1656 contineat
1340 1614 1537 1671 angulum
1559 1614 1594 1655 P
1615 1613 1658 1662 Q
1680 1613 1718 1654 E
1737 1625 1875 1667 aequa-

173 1686 256 1726 lem
282 1684 433 1739 angulo
455 1683 490 1724 F
511 1683 532 1724 I
555 1683 611 1732 G,
643 1690 851 1739 rectaeque
872 1684 911 1724 A
934 1685 977 1726 B·
992 1692 1181 1725 occurrat
1198 1684 1243 1725 in
1261 1684 1289 1734 f,
1319 1692 1361 1726 et
1373 1686 1572 1739 jungatur
1590 1683 1614 1724 f
1625 1684 1651 1724 i.
1684 1684 1875 1738 Agantur

176 1763 313 1797 autem
335 1754 370 1795 P
388 1753 425 1795 E
446 1761 486 1794 et
507 1752 541 1793 P
563 1752 606 1801 Q
625 1753 679 1793 ad
701 1768 768 1794 eas
788 1761 925 1808 partes
945 1754 1146 1795 linearum
1168 1754 1205 1796 C
1226 1754 1277 1804 E,
1301 1753 1337 1795 P
1368 1754 1418 1804 E,
1449 1761 1497 1794 ut
1605 1752 1628 1794 I

177 1827 390 1866 literarum
412 1824 447 1865 P
469 1823 506 1864 E
526 1823 541 1863 i
562 1823 599 1864 P
619 1831 661 1864 et
686 1824 722 1864 P
745 1823 783 1864 E
805 1823 847 1872 Q
869 1823 905 1864 P
934 1824 1044 1865 idem
1075 1824 1127 1865 sit
1155 1823 1258 1863 ordo
1289 1823 1495 1864 circularis

177 1895 249 1951 qui
286 1895 496 1935 literarum
537 1892 572 1933 F
595 1892 637 1933 G
659 1892 705 1932 H
728 1894 749 1935 I
772 1895 824 1938 F:
865 1902 906 1936 et
925 1895 959 1935 si
989 1910 1112 1950 super
1139 1893 1246 1935 linea
1267 1893 1289 1934 f
1300 1894 1315 1934 i
1349 1895 1495 1936 eodem

174 1980 336 2020 quoque
370 1964 581 2019 literarum
611 1962 755 2005 ordine
793 1964 1064 2005 constituatur
1082 1964 1306 2018 trapezium
1333 1964 1357 2005 f
1377 1980 1407 2021 g
1434 1965 1498 2006 hi

177 2875 360 2926 trapezio
383 2877 417 2917 F
439 2879 482 2920 G
504 2879 551 2921 H
574 2881 595 2921 Ι
617 2880 762 2930 simile,
785 2887 826 2922 et
845 2879 1199 2923 circumscribatur
1211 2884 1440 2939 trajectoria
1459 2888 1591 2943 specie
1607 2888 1713 2939 data,
1744 2887 1874 2931 solve·

175 2948 241 2981 tur
259 2945 482 2994 problema.
505 2950 552 3003 (Υ)

229 3067 271 3108 (¹)
299 3067 379 3098 Hoec
390 3077 468 3098 nova
484 3073 670 3104 constructio
685 3076 742 3105 hoc
752 3074 908 3116 praemisso
919 3077 1014 3108 Lem·
1100 3081 1238 3112 Lemma.
1267 3081 1298 3112 Si
1324 3093 1361 3113 ex

182 3117 265 3140 mate
280 3109 505 3140 demonstratur
1389 3091 1504 3122 puncto
1521 3086 1551 3116 Α
1578 3089 1661 3118 ‘³¹⁰5
1690 3090 1880 3131 triangulum

1060 3120 1087 3152 F
1105 3122 1134 3152 G
1152 3123 1186 3153 H
1203 3123 1274 3155 dato
1294 3132 1403 3166 agatur
1417 3127 1454 3157 ad
1477 3129 1626 3169 angulum
1645 3131 1671 3161 F
1694 3137 1774 3161 rect-1
1791 3133 1819 3163 A
1842 3132 1879 3178 F,
