2086 3542
287 227 341 266 46
683 224 1130 270 PHILOSOPHIAE
1175 229 1535 279 NATURALIS
1591 238 1736 289 [Mor.
1776 240 1977 284 conpore

337 337 450 379 Nam
467 337 613 396 figurae
632 339 844 394 inscriptae
860 347 900 381 et
920 340 1238 397 circumscriptae
1256 343 1486 389 differentia
1504 356 1564 391 est
1579 365 1738 392 summa
1755 353 1972 406 parallelo-

279 421 560 464 grammorum
581 409 625 450 K
642 409 672 460 l,
708 410 746 451 L
766 423 821 460 m,
857 409 909 451 M
928 425 969 460 n,
1001 411 1046 452 D
1066 425 1105 462 o,
1135 411 1215 453 hoc
1235 421 1297 456 est
1326 416 1397 471 (ob
1417 419 1594 474 aequales
1623 422 1807 463 omnium
1835 423 1970 477 bases)

279 478 562 536 rectangtssum
593 478 670 521 sub
705 480 827 520 unius
852 480 941 521 basi
963 479 1005 521 K
1024 480 1052 521 b
1081 490 1123 522 et
1141 482 1400 527 altitudinum
1421 489 1509 543 (¹¹²)
1531 504 1690 532 summa
1709 492 1750 533 A
1770 508 1806 544 a,
1829 493 1873 534 id
1893 502 1969 546 est,

276 548 562 605 rectangulum
582 549 623 590 A
645 549 681 590 B
700 549 716 590 l
736 565 771 590 a.
834 549 918 591 Sed
936 549 1017 591 hoc
1036 552 1330 609 rectangulum,
1361 571 1411 597 eo
1431 558 1542 613 quod
1570 559 1741 603 latitudo
1761 563 1847 618 ejus
1868 564 1910 606 A
1932 563 1967 607 B

277 617 321 659 in
340 618 545 660 infinitum
563 619 772 669 minuitur,
794 619 842 660 fit
860 619 994 661 minus
1015 622 1157 676 quovis
1177 623 1285 665 dato.
1329 625 1443 682 Ergo
1464 630 1555 682 (per
1575 629 1748 673 Lemma
1763 632 1815 685 Ι.)
1836 634 1970 690 figura

276 687 474 743 inscripta
506 696 548 730 et
581 689 897 743 circumscripta,
929 698 971 731 et
1003 691 1133 733 multo
1162 694 1309 750 magis!
1321 694 1455 752 figura
1473 699 1694 742 curvilinea
1711 702 1966 756 intermedia,

277 760 385 803 fiunt
404 760 549 803 ultim&
568 762 758 817 aequales.
819 761 874 811 Q.
896 777 931 803 e.
952 761 993 804 d.

947 891 1178 934 LEMMA
1208 893 1291 936 111.

273 986 431 1027 Eaedem
461 987 630 1027 rationes
659 987 804 1027 ultimae
834 991 922 1027 sunt
949 989 1065 1028 etiam
1086 989 1258 1029 rationes
1275 991 1529 1044 aequalitatis,
1560 993 1627 1034 ubi
1637 996 1966 1051 parallelogram-

328 1070 469 1097 morum
488 1057 712 1097 latitudines
746 1057 787 1097 A
819 1056 868 1106 Β,
902 1056 939 1097 Β
962 1056 1010 1107 C,
1045 1057 1081 1098 C
1101 1057 1158 1108 D,
1190 1059 1263 1100 &c.
1298 1067 1384 1101 sunt
1418 1062 1641 1116 inaequales,
1671 1071 1709 1105 et
1741 1079 1866 1108 omnes
1893 1069 1964 1109 mi-

325 1131 494 1189 nuuntur
522 1127 564 1166 in
584 1126 786 1177 irfinz'tum.

329 1238 391 1280 Sit
410 1238 520 1279 enim
541 1237 580 1278 A
602 1237 638 1279 F
657 1237 823 1294 aequalis
843 1238 1047 1280 latitudini
1066 1239 1269 1293 maximae,
1301 1252 1342 1285 et
1361 1242 1612 1300 compleatur
1630 1247 1962 1307 parallelogram-

267 1322 382 1349 mum
404 1308 439 1348 F
459 1307 500 1349 A
520 1323 545 1348 a
562 1306 590 1348 f.
653 1308 729 1362 (¹²)
763 1308 861 1349 Hoc
893 1309 971 1350 erit
1004 1311 1133 1365 majus
1168 1311 1290 1367 quem
1324 1313 1553 1356 differentia
1580 1317 1726 1373 figurae
1753 1319 1962 1375 inscriptae

266 1385 307 1420 et
337 1378 482 1434 figurae
515 1377 849 1432 circumscriptae3
880 1386 922 1420 at
954 1378 1168 1422 latitudine
1200 1382 1271 1423 sue
1307 1383 1348 1424 A
1370 1384 1406 1425 F
1435 1385 1479 1425 in
1509 1385 1715 1428 infinitum
1743 1388 1957 1442 diminute,

266 1449 401 1490 minus
421 1448 493 1489 fiet
511 1447 608 1488 dato
628 1448 769 1503 quovis
789 1449 1039 1505 rectangulo.
1061 1448 1064 1451 ’
1100 1450 1154 1500 Q.
1176 1466 1210 1492 e.
1233 1452 1273 1493 d.

326 1519 452 1560 Corol.
487 1523 522 1559 1.
556 1518 671 1558 Hinc
705 1533 863 1559 summa
894 1519 1036 1559 ultima
1054 1520 1269 1573 parallelo-

264 1600 544 1644 grammorum
573 1587 900 1628 evanescentium
934 1588 1125 1629 coincidit
1153 1590 1266 1631 omni

266 1663 453 1710 exparte
473 1669 567 1696 cum
586 1654 718 1712 figurfi
739 1655 971 1698 curvilineaei.

333 1724 459 1765 Corol.
492 1729 530 1765 2.
568 1723 624 1764 Et
656 1723 786 1765 multo
819 1724 948 1780 magis
978 1724 1110 1780 figura
1142 1726 1262 1767 recti-

265 1792 386 1843 linea,
409 1807 502 1848 quae
522 1792 688 1833 chordis
729 1792 1055 1833 evanescentium
1093 1807 1262 1835 arcuum

264 1877 289 1902 a
307 1862 348 1912 b,
369 1861 398 1902 b
418 1876 453 1911 c,
484 1875 507 1902 c
528 1860 568 1911 d,
600 1862 674 1902 &c.
706 1860 1088 1915 comprehenditur,v
1108 1862 1257 1903 coinci-

261 1930 323 1972 dit
341 1930 484 1972 ultimo
504 1944 598 1970 cum
617 1929 748 1986 figurfi
769 1929 1002 1971 curvilinef‘si.

301 2042 304 2044 ,
327 1999 454 2040 Corol.
477 2003 515 2039 3.
548 1997 610 2040 Ut
628 2006 670 2039 et
689 1998 822 2054 figura
851 1998 1060 2040 rectilinea
1083 1999 1256 2040 circum-

261 2067 413 2122 scripta
432 2082 524 2123 quae
543 2067 804 2123 tangentibus
827 2067 1064 2108 eorumdem
1087 2078 1254 2109 arcuum

261 2135 634 2190 comprehenditur.

318 2205 445 2246 Corol.
467 2210 507 2245 4«.
530 2207 544 2259 (
561 2213 577 2230 ⁰
594 2203 608 2255 )
632 2203 688 2244 Et
705 2210 924 2259 propterea
941 2204 1008 2245 hae
1027 2205 1171 2261 figurae
1191 2203 1253 2245 ul-

259 2274 370 2315 timoe
397 2272 549 2328 (quoad
577 2272 818 2327 perimetros
839 2289 863 2314 a
882 2288 904 2313 c
940 2273 1009 2325 E,)
1044 2288 1128 2314 non
1160 2280 1255 2314 sunt

255 2343 476 2386 rectilineae
484 2342 555 2385 sed
563 2343 860 2384 rectilinearum
870 2342 1018 2384 limites
1042 2342 1263 2384 curvilinei.

300 2453 355 2495 (m)
381 2456 449 2485 106.
479 2453 511 2484 Si
534 2452 651 2483 fuerInt
671 2458 878 2493 quotcumque
899 2458 931 2483 et
944 2453 1076 2493 cujusvis
1122 2453 1152 2484 A
1167 2463 1205 2491 ες
1221 2455 1405 2483 evanescunt
1419 2454 1523 2479 autem
1540 2448 1569 2479 A
1589 2447 1617 2479 B
1630 2454 1661 2480 et
1674 2449 1707 2480 K
1721 2460 1749 2486 a,
1766 2460 1839 2482 cum
1852 2451 1942 2483 lineae

256 2496 376 2536 generis
390 2496 574 2536 quantitates
589 2494 803 2530 decrescentes,
823 2496 853 2525 A
868 2505 896 2530 a,
914 2496 942 2526 B
956 2497 986 2530 b,
1006 2496 1032 2526 C
1047 2505 1073 2529 c,

258 2539 290 2568 D
305 2538 336 2575 d,
363 2543 454 2568 erunt
477 2537 617 2568 omnIum
640 2537 818 2567 differentiae
840 2537 932 2567 simul
946 2543 1075 2576 sumptae

255 2580 386 2620 aquales
425 2579 560 2610 excessui
598 2578 741 2609 maximae
776 2578 867 2618 supra
902 2579 1071 2609 minimam.

257 2623 342 2652 Nam
367 2622 561 2661 perspicuum
586 2627 632 2651 est
660 2622 686 2651 A
714 2627 788 2651 a‘—
806 2622 830 2649 B
852 2622 872 2651 b
887 2621 930 2662 4
950 2621 978 2651 B
999 2622 1076 2651 b—

257 2664 369 2706 Cc÷
389 2665 501 2694 Cc—
518 2662 870 2694 Dd=Aa—Dd:
888 2662 1075 2692 undesiul-

252 2706 329 2736 tima
343 2706 430 2736 seriei
444 2705 598 2746 quantitas
616 2705 655 2735 sit
668 2714 696 2738 o,
720 2710 756 2734 ut
769 2704 802 2734 in
817 2704 893 2734 serie
912 2704 939 2734 A
956 2714 982 2738 a,
1001 2705 1028 2734 B
1041 2706 1063 2734 b

258 2748 284 2778 C
306 2758 333 2784 c,
361 2748 394 2778 D
416 2747 446 2783 d,
472 2757 502 2784 o,
526 2756 647 2777 summa
669 2746 909 2776 differentiarum
938 2745 971 2776 Κ
992 2755 1009 2775 a
1033 2746 1076 2788 -l-

258 2789 285 2819 L
308 2790 328 2818 b
343 2790 385 2831 -{-
404 2790 442 2819 M
464 2800 480 2820 c
504 2789 547 2831 4
573 2790 606 2820 D
627 2789 658 2825 d,
684 2788 809 2828 aequalis
834 2789 889 2828 erit
916 2787 1079 2828 quantitati

254 2830 396 2859 maxima}
423 2832 446 2860 A
466 2842 492 2861 a.

298 2874 368 2903 107.
394 2872 493 2903 Linea
519 2874 545 2904 B
559 2875 589 2910 b,
615 2879 703 2904 motu
725 2872 781 2903 sibi
797 2881 915 2911 semper
927 2871 1073 2911 parallelo

253 2913 377 2944 accedat
397 2914 436 2944 ad
461 2915 573 2945 lineam
593 2917 621 2946 A
636 2926 662 2951 a,
686 2921 717 2946 et
741 2915 864 2945 interim
878 2920 1028 2953 punctum
1042 2915 1070 2949 b.

251 2955 296 2986 ita
306 2962 462 2986 moveatur
476 2957 508 2986 in
523 2957 604 2988 linea
620 2959 646 2987 B
661 2959 691 2993 b,
717 2963 752 2987 ut
773 2966 891 2996 semper
903 2955 1071 2996 repedatur

251 2997 285 3028 in
299 3007 372 3027 arcu
397 2998 416 3027 b
437 3008 477 3034 a;
501 2998 692 3030 decrescente
716 2998 867 3029 linearum
893 2999 919 3029 A
938 3009 963 3034 a,
992 2997 1019 3027 B
1040 2999 1068 3033 b,

250 3038 395 3069 distantia
412 3039 441 3069 A
456 3040 491 3074 Β,
509 3040 653 3071 decrescit
667 3050 789 3081 quoque
803 3050 909 3070 carum
923 3039 1068 3070 differen-

248 3081 293 3111 tia
309 3081 339 3111 K
355 3091 382 3116 a,
409 3091 444 3111 ac
458 3081 582 3111 tandem
596 3089 793 3113 evanescente
811 3083 840 3112 A
860 3083 898 3117 13,
921 3081 1073 3112 evanescit

251 3123 282 3153 K
297 3134 325 3160 a,
348 3129 379 3153 ct
396 3123 424 3153 B
439 3124 468 3158 b,
491 3133 544 3153 scu
565 3125 592 3153 A
612 3124 653 3159 Κ,
669 3124 704 3154 fit
719 3123 829 3154 ultimo
843 3123 968 3164 oequalis
984 3123 1072 3154 lineae

1121 2496 1152 2525 A
1164 2505 1190 2528 a.
1218 2495 1246 2524 B
1261 2495 1290 2528 b,
1317 2502 1416 2532 neque
1431 2491 1583 2526 distantes,
1609 2501 1710 2532 neque
1730 2502 1853 2532 prorsus
1866 2504 1941 2525 con-

1118 2542 1264 2577 gruentes
1289 2534 1349 2564 dici
1370 2538 1504 2572 possunt,
1530 2532 1583 2563 sed
1597 2533 1699 2569 simul,
1722 2540 1758 2565 ut
1771 2534 1815 2565 ita
1828 2535 1939 2574 dicam,

1117 2577 1265 2618 conjungi
1279 2576 1438 2614 incipiunt.
1487 2575 1527 2605 In
1541 2574 1596 2605 illo
1610 2581 1690 2606 statu
1712 2576 1940 2616 evanesoentiae,

1117 2619 1270 2650 linearum
1287 2621 1318 2648 A
1333 2628 1359 2652 a,
1389 2618 1418 2648 B
1433 2618 1461 2652 b,
1489 2616 1659 2648 differentia
1680 2618 1713 2648 K
1727 2628 1757 2655 a,
1781 2618 1882 2660 minor
1893 2626 1941 2651 est

1118 2661 1223 2702 quevis
1244 2659 1325 2690 linea
1338 2659 1417 2695 data,
1443 2668 1496 2689 seu
1511 2658 1629 2690 infinite
1640 2669 1732 2698 parva
1746 2665 1799 2695 est,
1823 2665 1878 2691 aut
1891 2661 1939 2692 in-

1116 2702 1306 2744 assignabilis
1327 2707 1467 2741 respectu
1497 2701 1526 2731 A
1554 2701 1587 2731 K
1612 2707 1644 2731 et
1670 2701 1698 2732 B
1725 2702 1764 2740 b;
1787 2703 1940 2743 quantitas

1117 2751 1221 2775 autem
1250 2754 1437 2777 evanescens
1468 2753 1522 2772 seu
1551 2742 1670 2774 infinite
1696 2753 1796 2782 parva,
1827 2750 1872 2776 est
1899 2745 1940 2776 ad

1117 2787 1319 2827 quantitatem
1341 2786 1459 2818 finitam
1484 2790 1520 2814 ut
1544 2783 1667 2815 finitum
1692 2785 1732 2815 ad
1759 2785 1938 2826 infinitum3

1113 2839 1210 2870 quare
1235 2839 1307 2859 cum
1334 2834 1443 2858 notum
1457 2826 1496 2856 sit
1510 2826 1667 2858 infinitum
1683 2837 1720 2857 ex
1734 2826 1813 2858 finiti
1828 2828 1939 2860 additi-

1116 2882 1175 2901 one
1197 2871 1245 2901 vel
1270 2868 1473 2901 subtractione
1495 2878 1558 2907 non
1579 2869 1701 2903 mutari,
1724 2875 1778 2900 aut
1791 2875 1938 2911 tanquam

1115 2914 1314 2943 immutatum
1335 2910 1438 2942 baberi
1460 2918 1558 2949 posse,
1582 2909 1678 2951 liquet
1691 2910 1788 2942 lineas
1804 2912 1834 2943 Β
1847 2913 1869 2944 b
1881 2923 1936 2944 seu

1115 2955 1330 2990 AKetAa,
1354 2963 1408 2983 seu
1428 2953 1455 2983 A
1476 2951 1619 2994 K÷K
1645 2963 1672 2988 a,
1695 2963 1750 2992 pro
1770 2953 1938 2994 aequulibua

1112 3006 1200 3036 posse
1215 2994 1364 3035 usurpari.
1413 2992 1567 3030 Similiter,
1575 2993 1647 3034 quia
1658 3004 1855 3026 evanescente
1866 2997 1895 3026 Κ
1908 3008 1924 3024 υ

1157 3038 1303 3079 trianguli
1320 3037 1351 3068 K
1364 3047 1383 3066 a
1399 3040 1428 3076 b,
1441 3045 1471 3070 et
1484 3039 1760 3080 parallelogrammi
1778 3039 1811 3071 K
1821 3039 1842 3075 1.
1858 3051 1938 3076 erem

1114 3080 1320 3111 infinitesimae
1330 3087 1405 3114 sunt
1412 3088 1550 3120 respectu
1561 3082 1836 3123 parallelogrammi
1846 3093 1921 3114 evan
1928 3102 1938 3109 -

1116 3122 1245 3153 escentis
1276 3122 1304 3153 A
1339 3126 1369 3160 b,
1398 3123 1716 3164 parallelogrammum
1746 3122 1830 3155 istud
1863 3124 1890 3156 A
1907 3127 1936 3156 b.
