2086 3542
1703 250 1936 301 [Dm-*mm

236 255 287 293 14
596 250 1046 295 PHILOSOPHIAE
1076 250 1449 301 NATURALIS,
1481 251 1556 292 διο.

225 389 329 429 pora
363 374 499 432 aliqua
531 375 757 434 longinqua
790 376 929 417 datam
959 375 1066 416 inter
1100 390 1142 416 se
1170 374 1415 429 positionem
1444 374 1657 426 servantia,
1689 373 1825 430 qualia
1843 381 1938 416 sunt

229 445 367 488 Stellae
389 446 507 488 Fixae
526 447 570 488 in
589 447 826 504 regionibus
850 447 1062 489 Coelorum
1083 450 1124 502 (r
1139 446 1167 498 ),
1199 445 1293 486 sciri
1321 445 1487 502 quidem
1521 459 1606 486 non
1635 452 1772 500 posset
1800 459 1852 486 ex
1872 459 1937 486 re-

223 516 347 558 lativa
379 517 598 574 globorum
632 517 898 559 translatione
927 517 1033 558 inter
1063 530 1250 571 corpora,
1282 523 1421 557 utrum
1439 515 1503 556 his
1524 530 1577 556 an
1597 515 1675 574 illis
1694 515 1936 557 tribuendus

222 594 325 629 esset
343 585 490 630 motus.
551 589 610 630 At
630 589 663 628 si
686 587 964 629 attenderetur
992 586 1046 628 ad
1074 587 1202 637 filum,
1236 594 1276 627 et
1305 586 1680 640 deprehenderetur
1709 585 1936 627 tensionem

221 659 307 714 ejus
326 659 439 700 illam
458 660 589 714 ipsam
609 674 694 700 esse
714 672 837 714 quam
856 665 991 698 motus
1020 657 1243 714 globorum
1263 656 1500 712 requireret,
1532 655 1777 697 concludere
1795 655 1936 698 liceret

223 737 382 771 motum
401 743 490 771 esse
509 729 741 786 globorum,
774 736 815 770 et
834 741 1008 782 corpora
1028 727 1252 783 quiescere;
1283 734 1325 767 et
1353 734 1443 767 tum
1470 726 1639 768 demum
1658 741 1712 768 ex
1730 726 1936 768 translati·-

220 814 299 841 one
337 800 556 857 globorum
590 801 698 841 inter
736 813 922 854 corpora,
953 798 1336 840 determinationem
1375 797 1495 853 hujus
1542 806 1679 839 motus
1725 798 1933 856 colligere.

222 870 367 912 Motus
384 878 522 913 autem
540 885 660 912 veros
681 885 733 912 ex
763 884 910 912 eorum
939 870 1081 920 causis,
1113 869 1333 919 effectibus
1365 875 1406 910 et
1425 869 1714 923 apparentibus
1743 869 1935 911 differen-

219 940 284 982 tiis
304 941 509 998 colligere,
541 949 582 983 et
601 949 744 983 contra
763 956 818 983 ex
847 940 1026 982 motibus
1055 955 1127 982 seu
1145 941 1251 981 veris
1271 955 1342 981 seu
1361 940 1653 995 apparentibus
1673 955 1817 982 eorum
1835 955 1934 983 cau-

219 1026 282 1053 sas
312 1019 354 1053 et
384 1012 562 1063 effectus,
594 1012 812 1053 docebitur
845 1011 971 1052 fusius
1002 1011 1046 1052 in
1077 1011 1350 1067 sequentibus.
1411 1010 1543 1053 Hunc
1576 1010 1688 1052 enim
1724 1010 1769 1052 in
1805 1011 1934 1070 finem

221 1082 461 1124 Tractatum
482 1090 719 1139 sequentem
738 1082 968 1137 composui:

217 1215 367 1246 centrum,
390 1210 424 1241 id
437 1216 492 1245 est,
515 1209 596 1240 circa
609 1216 762 1249 punctum
777 1209 941 1251 aequilibrii
954 1210 1053 1241 revol-

212 1251 360 1285 ventium,
376 1252 579 1282 innotesceret
593 1262 630 1282 ex
650 1252 741 1282 auctir
762 1251 810 1282 vel
832 1251 988 1282 diminuta
1008 1252 1054 1283 fili

216 1292 355 1325 tensione
396 1300 602 1335 augmentum
635 1294 685 1325 vel
720 1294 952 1324 decrementum
986 1304 1054 1324 mo.

216 1336 276 1372 tus,
299 1337 355 1367 &c-

259 1378 302 1420 (Γ)
325 1383 375 1410 25.
403 1379 560 1418 Spectator
581 1379 613 1409 in
628 1379 720 1420 globo
734 1385 829 1415 moto,
851 1379 900 1409 vel
915 1379 1007 1409 etiam
1021 1379 1054 1408 in

215 1421 301 1452 stella
317 1421 376 1452 fixa
391 1422 517 1461 positus,
540 1421 606 1451 solo
620 1421 782 1452 oculorum
796 1421 921 1457 auxilio,
944 1432 998 1451 seu
1014 1432 1052 1451 ex

198 1465 348 1499 ,motibus
363 1465 578 1503 apparentibus
599 1464 768 1494 discernere
790 1474 853 1493 non
874 1470 983 1502 posset,
1010 1474 1052 1493 an

214 1506 335 1546 globus,
350 1516 391 1536 an
402 1506 491 1536 stella
499 1505 568 1536 vere
581 1513 770 1543 moveretur;
786 1505 1051 1546 quemadmodum

1095 1210 1214 1242 tissimo
1242 1211 1413 1242 illustratur
1444 1211 1587 1251 exemplo
1621 1212 1708 1242 navis
1742 1213 1934 1253 aequabiliter

1095 1258 1198 1289 motae,
1221 1254 1312 1295 cujus
1334 1260 1446 1289 motus,
1470 1256 1509 1284 ab
1532 1254 1570 1284 iis
1591 1254 1646 1295 qui
1671 1255 1743 1285 navi
1765 1256 1930 1293 vehuntur,

1096 1295 1194 1325 oculis
1209 1306 1272 1326 non
1293 1296 1468 1335 percipitur,
1492 1296 1570 1327 dum
1590 1297 1693 1327 littora
1714 1298 1866 1338 urbesque
1880 1298 1933 1330 fu-

1097 1347 1170 1377 gere
1197 1338 1351 1368 videntur.
1410 1339 1462 1368 Ex
1491 1339 1607 1378 optices
1634 1339 1792 1379 principiis
1820 1342 1933 1372 horum

1097 1380 1326 1418 phaenomenb‘n
1342 1380 1474 1419 petenda
1487 1387 1534 1411 est
1547 1381 1639 1419 rati03
1655 1391 1692 1411 ea
1706 1382 1791 1412 enim
1805 1393 1934 1423 corpora

1095 1422 1251 1462 quiescere
1273 1422 1418 1453 videntur
1440 1433 1520 1462 quae,
1544 1423 1621 1453 dum
1645 1433 1702 1453 nos
1725 1424 1785 1463 ipsi
1809 1425 1932 1457 nullam

1094 1465 1247 1495 actualem
1272 1465 1464 1495 voluntatem
1485 1471 1607 1496 nosmet
1634 1466 1781 1497 movendi
1808 1477 1932 1499 exerue-

1093 1517 1173 1542 mus,
1191 1507 1321 1537 eandem
1335 1513 1476 1546 respectu
1486 1508 1569 1538 oculi
1585 1508 1771 1547 positionem
1785 1515 1930 1542 constan-

214 1548 332 1579 telluris
351 1548 462 1579 incolae
477 1558 514 1578 ex
529 1549 688 1588 apparenti
708 1548 868 1578 stellarum
888 1554 977 1578 motu
992 1548 1045 1578 de·
1089 1554 1136 1578 ter
1151 1556 1280 1584 servant,
1304 1550 1348 1579 ita
1372 1555 1409 1580 ut
1434 1560 1542 1580 eorum
1566 1550 1669 1590 imago
1690 1561 1761 1591 quae
1781 1551 1815 1582 in
1830 1552 1930 1585 fundo

212 1591 375 1622 terminare
397 1601 460 1621 non
481 1599 617 1630 possunt,
641 1601 682 1620 an
702 1590 799 1620 stellae
819 1590 888 1621 vere
902 1601 1047 1621 movean-
1089 1591 1171 1621 oculi
1196 1591 1344 1631 pingitur,
1376 1592 1504 1622 eandem
1529 1602 1650 1631 semper
1674 1594 1781 1624 retinae
1808 1601 1929 1634 partem

212 1639 278 1671 tur;
305 1634 368 1663 sive
390 1633 475 1664 enim
497 1643 571 1664 cum
592 1633 673 1664 terra
693 1643 882 1669 moveamur,
906 1639 937 1663 et
951 1633 1047 1664 stellae
1089 1640 1230 1672 occupet:
1257 1644 1293 1664 ea
1317 1632 1389 1665 vero
1411 1635 1529 1675 objecta
1551 1635 1667 1665 moveri
1690 1635 1834 1666 videntur
1857 1648 1929 1678 qu-

212 1676 370 1716 quieseant
384 1674 530 1711 absolute,
547 1675 609 1706 sive
625 1686 642 1705 e
656 1674 763 1706 contra
776 1681 958 1708 moveantur
971 1675 1043 1705 stel-
1085 1682 1225 1715 respectu
1240 1676 1323 1706 oculi
1338 1678 1432 1706 situm
1447 1687 1540 1707 suum
1554 1676 1703 1708 continuo
1716 1685 1849 1715 mutant,
1870 1690 1924 1711 seu

212 1718 251 1748 1ae
265 1724 296 1749 et
310 1724 389 1749 terra
403 1718 547 1758 quiescat,
571 1717 688 1748 eaedem
707 1718 835 1748 omnino
856 1724 929 1748 sunt
949 1728 1043 1757 appa-
1085 1728 1219 1759 quorum
1239 1718 1390 1759 imagines
1411 1719 1544 1753 diversas
1563 1719 1670 1753 retinae
1689 1727 1791 1760 partes
1804 1732 1926 1755 Succen-

212 1761 326 1798 rentiae,
350 1760 445 1793 iidem
458 1766 561 1792 motus
581 1760 712 1801 relativi5
735 1760 820 1802 quod
840 1761 966 1804 quidem
987 1770 1043 1794 no-
1086 1759 1149 1793 sive
1169 1767 1330 1801 occupant.
