2086 3542
0 286 10 428 ὲ

133 268 376 322 Dat-mm]
567 262 890 308 PRINCIPIA
919 258 1416 304 MATHEMATICA.
1820 263 1848 304 9

127 404 233 447 pora
251 389 458 440 definitur,
480 393 521 429 et
532 386 557 429 a
568 386 696 445 vulgo
707 401 787 443 pro
801 385 934 442 spatio
952 384 1155 426 immobili
1169 390 1412 440 usurpatur:
1443 383 1504 425 uti
1518 383 1722 427 dimensio
1734 386 1853 441 spatii

126 460 393 511 subterranei,
415 459 523 501 aerei
542 458 607 500 vel
627 457 800 500 eoelestis
820 456 991 498 definita
1019 466 1096 511 p'er
1115 455 1238 496 situm
1269 469 1391 496 suum
1409 454 1464 496 ad
1483 455 1674 497 Terram.
1734 456 1854 497 Idem

127 539 224 575 sunt
243 531 423 588 spatium
442 530 675 572 absolutum
695 536 737 571 et
756 528 984 578 relativum,
1007 527 1142 583 specie
1162 535 1203 568 et
1222 526 1530 584 magnitudine3
1560 526 1633 567 sed
1652 540 1738 567 non
1757 540 1852 582 per-

128 610 300 644 manent
317 602 429 644 idem
450 615 614 657 semper
644 614 830 641 numero.
902 599 1015 641 Nam
1039 598 1076 640 si
1108 598 1255 649 Terra,
1292 597 1408 639 verbi
1438 597 1584 655 gratia,
1614 605 1829 638 moveatur
1841 614 1852 647 3

127 674 304 729 spatium
324 673 446 715 Ae'ris
465 671 611 722 nostri,
634 670 747 727 quod
766 668 934 711 relative
954 677 995 710 et
1013 676 1202 724 respectu
1222 669 1370 710 Terrae
1389 680 1551 723 semper
1570 676 1709 709 manet
1727 667 1851 718 idem,

129 759 241 786 nunc
267 734 345 786 erit
364 758 448 785 una
465 757 562 799 pars
581 742 702 798 spatii
736 740 912 783 absoluti
943 740 987 781 in
1022 755 1147 796 quam
1182 741 1271 782 Aer
1304 739 1462 791 transit,
1496 753 1608 780 nunc
1641 738 1723 781 alia
1754 753 1853 794 pars

127 817 238 871 ejus3
284 823 324 856 et
357 815 414 856 sic
454 812 639 855 absolute
658 812 886 853 mutabitur
903 809 1119 866 perpetuo.

186 887 271 928 ΙΙΙ.
294 886 431 928 Locus
445 892 506 926 est
523 899 620 940 pars
640 883 760 939 spatii
779 897 905 939 quam
926 895 1077 936 corpus
1104 888 1291 936 occupat,
1304 891 1448 939 estque
1461 897 1541 939 pro
1556 884 1720 926 ratione
1736 886 1857 942 spatii

126 957 191 998 vel
213 956 439 998 Absolutus
459 955 524 997 vel
558 954 782 997 Relativus.
855 953 972 1003 Pars,
1004 952 1175 1008 inquam
1206 952 1349 1007 spatii3
1390 966 1476 992 non
1510 952 1623 995 Situs
1656 953 1852 1007 corporis,

126 1027 192 1069 vel
227 1027 473 1083 Superficies
492 1026 689 1068 ambiens.
749 1023 861 1066 Nam
882 1022 1107 1064 solidorum
1138 1022 1361 1078 aequalium
1380 1022 1559 1079 aequales
1579 1037 1741 1078 semper
1761 1031 1856 1065 sunt

127 1098 231 1149 loci;
264 1097 510 1153 Superflcies
530 1103 669 1138 autem
688 1095 743 1137 ob
770 1094 1145 1136 dissimilitudinem
1165 1094 1394 1151 figurarum
1420 1101 1468 1135 ut
1491 1092 1718 1149 plurimum
1750 1094 1854 1135 inae-

127 1169 266 1226 quales
287 1176 403 1219 sunt;
437 1168 547 1211 Situs
567 1181 666 1208 vero
683 1164 852 1221 proprie
872 1164 1081 1221 loquendo
1104 1164 1375 1220 quantitatem
1394 1179 1484 1206 non
1517 1164 1686 1215 habent,
1720 1179 1856 1221 neque

127 1248 213 1282 tam
233 1247 328 1281 sunt
346 1239 438 1280 loca
457 1253 583 1295 quam
603 1237 835 1279 affectiones
847 1236 1047 1278 locorum.
1109 1235 1254 1277 Motus
1274 1236 1398 1277 totius
1418 1235 1529 1277 idem
1549 1243 1610 1276 est
1629 1249 1723 1276 cum
1745 1251 1856 1277 sum-

127 1327 197 1353 ma
214 1319 404 1353 motuum
422 1310 616 1365 partium,
648 1308 730 1349 hoc
749 1315 821 1358 est,
843 1307 1056 1348 translatio
1075 1307 1203 1348 totius
1223 1306 1276 1348 de
1296 1322 1371 1348 suo
1404 1307 1498 1348 loco
1517 1306 1662 1348 eadem
1682 1315 1743 1348 est
1762 1322 1856 1348 cum

129 1398 290 1424 summa
307 1381 622 1423 translationum
640 1379 822 1434 partium
852 1378 906 1419 de
924 1378 1025 1419 locis
1059 1377 1164 1426 suis3
1194 1377 1370 1433 ideoque
1388 1377 1502 1418 locus
1522 1378 1647 1418 totius
1666 1377 1778 1419 idem
1798 1386 1860 1420 est

129 1469 224 1495 cum
244 1467 404 1494 summa
422 1452 610 1492 locorum
628 1450 825 1506 partium,
845 1457 886 1491 et
904 1455 1125 1504 propterea
1143 1448 1329 1489 internus
1349 1456 1390 1489 et
1408 1448 1453 1489 in
1474 1462 1648 1503 corpore
1668 1455 1769 1490 toto.

186 1525 266 1567 IV.
289 1523 434 1566 Motus
454 1522 680 1565 Absolutus
700 1528 761 1563 est
790 1521 1002 1562 translatio
1022 1520 1209 1575 corporis
1236 1520 1290 1561 de
1308 1520 1402 1561 loco
1422 1520 1612 1562 absoluto
1642 1520 1686 1562 in
1720 1520 1860 1563 locum

131 1595 380 1645 absolutum,
414 1593 627 1636 Relativus
647 1592 700 1633 de
718 1592 890 1633 relativo
909 1591 953 1633 in
973 1591 1202 1633 relativum.
1266 1591 1335 1634 Sic
1354 1591 1398 1632 in
1413 1592 1622 1648 navi,quae
1641 1591 1741 1633 velis
1766 1607 1861 1648 pas-

131 1667 183 1707 sis
202 1666 343 1716 fertur,
365 1664 557 1706 relativus
578 1663 766 1719 corporis
788 1663 926 1704 Locus
946 1670 1007 1704 est
1025 1662 1179 1716 navigii
1210 1663 1326 1720 regio
1346 1663 1417 1705 illa
1436 1663 1480 1704 in
1501 1662 1580 1720 qua
1601 1678 1750 1718 corpus
1769 1679 1862 1706 ver-

138 1742 263 1784 satur,
286 1749 357 1776 seu
379 1735 563 1777 cavitatis
583 1735 711 1777 totius
730 1748 827 1790 pars
848 1734 919 1775 illa
937 1748 1064 1790 quam
1087 1749 1235 1794 corpus
1254 1734 1411 1790 implet,
1445 1749 1620 1791 quaeque
1647 1734 1753 1776 adeo
1771 1750 1862 1777 mo-

132 1818 251 1853 vetur
261 1809 352 1859 runa
383 1825 478 1852 cum
496 1811 616 1852 navi:
660 1819 701 1852 et
722 1810 851 1860 Quies
871 1810 1041 1853 relativa
1071 1819 1132 1852 est
1159 1807 1399 1861 permansio
1430 1806 1617 1861 corporis
1641 1807 1684 1849 in
1719 1807 1863 1850 eadem

133 1881 202 1923 illa
222 1883 338 1924 navis
359 1883 528 1940 regione
547 1882 612 1923 vel
631 1890 749 1937 parte
769 1882 964 1923 cavitatis.
1024 1882 1085 1923 At
1104 1881 1218 1938 quies
1238 1894 1336 1922 vera
1355 1888 1416 1923 est
1426 1881 1660 1936 permansio
1681 1880 1866 1936 corporis

132 1953 177 1994 in
195 1952 341 1994 eadem
358 1961 478 2009 parte
497 1953 616 2009 spatii
635 1953 742 1994 illius
762 1953 922 1994 immoti
941 1953 984 1994 in
1005 1951 1086 2009 qua
1105 1953 1220 1996 navis
1239 1952 1328 2008 ipsa
1358 1950 1441 1993 una
1460 1967 1556 1993 cum
1587 1951 1760 1993 cavitate
1792 1951 1866 1993 sua

133 2031 175 2066 et
193 2025 394 2066 contentis
432 2024 630 2066 universis
663 2033 864 2066 movetur.
945 2023 1075 2067 Unde
1108 2024 1143 2065 si
1175 2024 1311 2066 Terra
1341 2022 1436 2065 vere
1483 2023 1676 2080 quiescat,
1717 2037 1867 2078 corpus

134 2095 247 2152 quod
279 2094 447 2136 relative
478 2096 648 2152 quiescit
665 2096 709 2137 in
742 2096 851 2146 navi,
886 2095 1119 2138 movebitur
1138 2094 1234 2138 vere
1254 2103 1295 2138 et
1328 2094 1514 2137 absolute
1549 2095 1597 2137 ea
1627 2110 1722 2137 cum
1755 2095 1868 2137 velo-

134 2166 258 2207 citate
276 2165 357 2222 qua
388 2166 502 2207 navis
533 2174 722 2208 movetur
750 2167 796 2208 in
827 2166 975 2209 Terra.
1036 2167 1111 2210 Sin
1144 2167 1280 2209 Terra
1299 2167 1423 2208 etiam
1452 2174 1680 2218 moveatur,
1714 2167 1870 2208 orietur

133 2252 254 2278 verus
274 2244 315 2278 et
334 2236 544 2278 absolutus
565 2237 748 2292 corporis
768 2245 916 2289 motus,
956 2238 1108 2294 partim
1140 2253 1194 2280 ex
1214 2237 1363 2280 Terrae
1393 2245 1511 2280 motu
1530 2252 1630 2280 vero
1660 2238 1704 2279 in
1736 2239 1869 2293 spatio

135 2309 322 2359 immoto,
342 2308 495 2363 partim
515 2322 569 2349 ex
586 2308 701 2349 navis
721 2315 837 2349 motu
856 2308 1027 2350 relativo
1057 2309 1101 2349 in
1121 2308 1279 2352 Terra:
1322 2318 1363 2351 et
1383 2309 1417 2350 si
1446 2324 1597 2365 corpus
1627 2309 1750 2350 etiam
1779 2323 1871 2349 mo-

136 2386 280 2421 veatur
299 2377 468 2421 relative
487 2379 531 2420 in
550 2379 659 2430 navi,
681 2379 836 2420 orietur
855 2394 974 2420 verus
988 2380 1075 2435 ejus
1094 2388 1244 2430 motuS,
1264 2380 1417 2436 partim
1436 2394 1489 2421 ex
1509 2371 1608 2422 vero
1626 2387 1743 2421 motu
1764 2379 1872 2422 Ter-

140 2465 200 2491 rae
219 2451 263 2491 in
283 2450 414 2506 spatio
434 2450 619 2502 immoto,
640 2450 794 2506 partim
814 2465 868 2509 ex
886 2449 1065 2492 relativis
1084 2451 1263 2492 motibus
1282 2459 1372 2492 tmn
1391 2451 1507 2492 navis
1526 2450 1570 2491 in
1602 2450 1750 2502 Terra,
1782 2458 1871 2492 tum

141 2522 326 2577 corporis
359 2521 404 2562 in
437 2522 556 2572 navi3
586 2530 628 2564 et
661 2537 718 2566 ex
735 2522 800 2563 his
829 2522 1008 2564 motibus
1042 2522 1222 2564 relativis
1250 2522 1407 2564 orietur
1435 2522 1621 2577 corporis
1640 2531 1777 2564 motus
1805 2537 1872 2564 re-

143 2596 293 2637 lativus
325 2595 369 2635 in
403 2591 551 2636 Terra.
644 2587 707 2636 Ut
745 2594 779 2634 si
827 2594 974 2635 Terrae
1012 2608 1109 2650 pars
1152 2593 1235 2644 illa,
1269 2593 1342 2635 ubi
1370 2593 1485 2635 navis
1531 2600 1728 2644 versatur,
1778 2609 1868 2635 mo—

142 2671 287 2705 veatur
321 2661 418 2705 vere
452 2663 495 2705 in
530 2663 734 2706 orientem
771 2679 866 2706 cum
896 2665 1111 2707 velocitate
1143 2665 1325 2721 partium
1364 2671 1526 2714 10010;
1544 2671 1552 2678 ”
1571 2672 1612 2705 et
1640 2663 1740 2706 velis
1772 2679 1872 2706 ven-

143 2741 270 2791 toque
320 2733 475 2776 feratur
522 2735 637 2776 navis
685 2735 730 2776 in
775 2735 1032 2778 occidentem
1080 2751 1175 2778 cum
1222 2731 1456 2777 velocitatex
1474 2735 1657 2790 partium
1704 2734 1848 2777 decem
1859 2753 1872 2787 ;

150 2805 294 2848 Nauta
328 2813 466 2847 autem
500 2806 683 2848 ambulet
720 2807 763 2848 in
795 2808 891 2849 navi
922 2808 1123 2849 orientem
1167 2822 1311 2850 versus
1357 2821 1453 2848 cum
1500 2805 1726 2847 velocitatis
1757 2814 1876 2862 parte

148 2875 230 2916 una
247 2892 257 2917 z
303 2877 535 2918 movebitur
569 2878 710 2919 Nauta
743 2877 839 2920 vere
889 2887 930 2920 et
961 2877 1145 2923 absolute
1179 2879 1224 2920 in
1258 2878 1390 2934 spatio
1433 2877 1605 2919 immoto
1643 2892 1739 2920 cum
1763 2878 1876 2920 velo-

146 2946 278 2987 citatis
296 2947 482 3002 partibus
507 2954 640 2991 10001
680 2948 724 2989 in
758 2949 973 3001 orientem,
1010 2957 1051 2991 et
1070 2948 1240 2991 relative
1274 2950 1318 2990 in
1350 2946 1460 2990 terra
1495 2947 1753 2991 occidentem
1783 2965 1876 2991 ver-

149 3032 217 3058 sus
236 3031 332 3058 cum
350 3018 573 3060 velocitatis
591 3019 776 3074 partibus
795 3035 957 3062 novem.

150 3138 282 3170 fluxum.
332 3139 529 3178 Quapropter
545 3140 572 3170 si
586 3150 699 3180 corpus
712 3141 838 3182 aliquod
853 3142 996 3183 aequabili
1039 3142 1122 3181 poris
1135 3147 1290 3181 punctum
1304 3140 1424 3177 flueret,
1443 3125 1603 3182 spatiaque
1616 3143 1656 3172 ab
1672 3150 1709 3172 eo
1732 3142 1884 3182 descripta

150 3181 306 3213 celeritate
320 3187 505 3219 moveretur,
528 3181 609 3213 illud
623 3183 734 3214 eodem
747 3184 842 3215 modo
865 3195 902 3216 ac
916 3191 995 3215 tem·
1038 3185 1144 3216 forent
1166 3184 1358 3224 temporibus
1371 3184 1611 3224 proportionalia
1633 3185 1683 3225 (5)
1695 3197 1706 3222 ;
1736 3196 1774 3216 eo
1789 3186 1885 3228 igitur
