2086 3542
212 235 265 272 62·

213 353 262 379 rat
275 346 308 378 in
324 347 354 378 T
374 353 405 379 et
420 346 470 386 V;
492 347 574 379 linea
596 349 618 379 b
632 358 649 379 c
664 348 697 378 in
717 347 823 378 locum
847 357 940 377 suum
960 345 1042 385 prio-

214 400 282 421 rem
298 390 326 421 B
345 389 371 422 C
386 389 497 425 redeat,
521 397 552 421 et
565 391 676 421 ultima
699 390 798 421 forma
817 388 1044 430 triangulorum

215 433 462 463 evanescentium
480 433 506 464 C
522 433 550 463 E
565 444 592 471 c,
621 434 648 464 C
666 433 695 464 E
711 443 736 468 c,
752 433 778 464 C
796 433 826 463 E
844 433 882 469 T,
898 437 944 461 est
957 430 1042 460 simi-

213 474 354 506 litudinis
362 481 393 506 et
403 475 513 506 ultima
526 476 604 507 ratio
618 475 798 516 aequalitatis
810 476 913 517 (Lem.
925 471 1042 511 vlu.)

214 516 346 558 ideoque
370 516 520 548 fluxiones
543 519 652 558 primae
675 518 811 557 ipsarum
834 518 865 547 A
890 517 931 551 B,
956 517 985 547 B
1003 516 1039 552 C,

219 560 252 591 A
269 560 306 597 C,
322 566 395 590 sunt
411 560 512 599 (146.)
528 567 563 591 ut
576 560 723 602 trianguli
741 561 767 591 C
784 559 814 590 E
836 559 876 596 T,
901 558 996 589 latera

229 597 257 628 c
267 597 309 635 E»
321 598 352 629 Ε
364 598 402 636 Τ,
411 606 443 630 et
454 601 480 631 C
490 601 532 638 Τ,
544 609 575 634 et
599 614 653 643 per
677 602 786 633 eadem
808 602 904 632 latera
927 601 1041 639 exponi

215 650 353 683 possunt,
369 646 418 675 vel
432 645 515 685 quod
529 645 656 685 perinde
682 650 738 679 est,
764 654 819 683 per
842 644 938 674 latera
953 644 984 674 V
1001 644 1039 679 B,

216 687 247 760 ¹0
263 687 304 761 lc3,
320 687 398 759 et'IY
414 688 451 724 C,
467 688 616 729 trianguli
633 688 663 718 V
680 689 709 719 B
727 687 763 723 C,
780 685 889 718 similis
903 686 1043 727 triangu-

231 739 250 760 o
311 730 341 760 E
386 749 396 759 .

261 773 333 803 151.
365 772 522 808 Quoniam
544 783 623 803 areae
648 773 676 803 B
691 774 712 804 b
726 782 742 802 c
760 772 796 806 C,
815 771 844 802 B
858 772 879 802 b
894 770 915 801 d
932 771 974 805 D,
990 779 1044 800 eo-

219 812 292 844 dem
305 821 443 854 tempore
467 815 680 847 describuntur
705 814 864 845 communi
888 813 1042 843 ordinata-

217 865 289 886 rum
306 857 334 888 B
350 858 386 894 C,
406 858 434 888 Β
453 858 485 888 D
499 864 596 894 motu,
612 864 704 888 erunt
717 866 795 888 areae
808 856 870 886 illae
885 861 1043 886 nascentes

217 899 268 929 vel
282 905 495 931 evanescentes
519 907 556 931 ut
578 900 730 931 fluxiones
750 908 891 930 arearum
909 899 939 928 A
957 898 983 928 C
1001 898 1040 933 B,

222 941 254 971 A
271 941 300 972 B
318 942 351 972 D
369 943 410 979 G,
436 942 546 984 (146);
577 942 632 973 sed
656 953 726 973 area
747 951 874 972 nascens
891 941 919 971 B
934 941 955 971 b
969 950 987 970 c
1004 940 1041 975 C,

218 992 282 1013 non
294 983 396 1015 differt
409 983 428 1015 a
441 985 726 1026 parallelogrammo
742 984 771 1015 B
789 984 830 1020 E,
844 982 953 1025 (107);
970 981 1043 1023 ergo

219 1025 370 1056 fluxiones
383 1037 523 1058 arearum
535 1028 565 1058 A
579 1029 604 1058 C
618 1029 658 1065 B,
674 1028 706 1058 A
717 1028 746 1058 B
761 1027 794 1057 D
812 1026 853 1062 G,
864 1031 936 1055 sunt
949 1024 983 1055 in
996 1035 1045 1055 rap

218 1067 304 1099 tione
330 1068 429 1108 prima
453 1070 812 1111 parallelogrammorum
838 1069 865 1098 B
897 1068 937 1103 E,
966 1067 995 1098 Β
1023 1067 1046 1097 d

220 1111 424 1148 nascentium,
439 1122 495 1142 seu
509 1114 549 1143 ob
563 1121 729 1143 commune
744 1111 824 1141 latus
840 1110 869 1142 B
884 1110 914 1147 b,
939 1109 974 1145 in
997 1118 1047 1140 ra-
1092 1111 1095 1113 ’

220 1152 304 1183 tione
319 1154 530 1184 ordinatarum
547 1155 574 1185 C
591 1155 631 1192 B,
650 1155 679 1184 B
693 1151 737 1184 D.

267 1197 336 1226 152.
357 1195 390 1226 Si
404 1196 539 1226 circulus
552 1202 657 1227 centro
673 1197 713 1232 B,
728 1195 816 1226 radio
829 1195 944 1226 fluente
960 1195 990 1227 B
1008 1196 1046 1234 C,

220 1236 392 1276 descriptus
407 1243 468 1277 'per
492 1237 722 1278 longitudinem
745 1238 886 1269 abscissae
903 1238 932 1268 A
952 1239 990 1272 B.
1007 1238 1048 1269 ad

220 1279 352 1320 angulos
365 1286 465 1311 rectos
488 1280 713 1322 progrediatur,
739 1280 888 1311 describet
912 1280 1048 1311 solidum

220 1321 305 1352 idem
328 1322 412 1362 quod
437 1332 475 1353 ex
499 1323 649 1354 rotatione
673 1323 784 1364 figurae
811 1323 842 1354 A
860 1323 886 1353 C
904 1323 943 1358 B,
968 1321 1048 1353 circa

221 1374 312 1395 axem
329 1365 361 1395 A
380 1366 407 1396 B
433 1371 638 1406 generaretur,
666 1372 697 1396 et
721 1365 818 1395 fluxio
843 1364 932 1395 solidi
951 1365 1047 1406 geniti

219 1407 278 1437 erit
291 1413 327 1438 ut
340 1407 459 1438 factum
472 1418 511 1438 ex
525 1407 595 1439 area
609 1408 716 1438 circuli
729 1407 814 1438 illius
826 1407 862 1438 in
875 1407 1046 1438 incremen-

218 1456 288 1481 tum
302 1460 430 1480 nascens
445 1451 474 1481 B
489 1451 519 1486 b,
534 1450 672 1482 abscissae
689 1451 720 1481 A
738 1451 774 1485 B,
785 1455 817 1480 et
830 1449 926 1480 fluxio
940 1460 1047 1489 super-

221 1492 302 1522 ficiei
317 1492 407 1523 solidi
421 1493 520 1533 geniti
534 1493 592 1524 erit
615 1500 652 1524 ut
675 1493 795 1523 factum
819 1502 858 1523 ex
884 1492 1046 1532 perimer

220 1534 360 1576 ejusdem
381 1535 489 1566 circuli
504 1532 658 1566 in'arcum
674 1536 700 1567 C
715 1545 743 1572 c,
758 1534 808 1566 vel
822 1541 1001 1575 tangentem
1018 1534 1045 1566 C

221 1577 261 1613 T,
278 1581 601 1610 nascentem-Dm.
623 1576 858 1616 Rectangulum
871 1587 1000 1608 nascens

231 1622 306 1658 BE,
314 1619 615 1661 nondiffertafigura.
625 1621 654 1652 B
668 1622 689 1652 b
703 1630 721 1651 c
738 1621 764 1652 C
779 1625 922 1651 nascente
939 1618 1042 1661 (107),

220 1661 359 1702 adeoque
368 1663 594 1693 incrementum
606 1673 734 1694 nascens
741 1662 830 1694 solidi
839 1673 878 1693 ex
892 1662 1044 1693 rotatione

221 1704 330 1745 figurae
348 1706 378 1736 A
397 1706 422 1736 C
441 1706 480 1740 B,
496 1706 592 1746 geniti
607 1706 725 1747 aequale
738 1711 784 1736 est
808 1704 907 1736 solido
931 1715 969 1735 ex
993 1715 1043 1735 ro-

221 1746 338 1777 tatione
350 1749 521 1788 rectanguli
538 1749 566 1779 B
585 1749 624 1784 E,
641 1747 722 1779 circa
734 1748 817 1778 latus
831 1748 859 1778 B
873 1749 903 1783 b,
920 1747 1043 1788 genito;

220 1790 279 1820 hoc
293 1797 398 1821 autem
413 1790 547 1821 solidum
561 1797 607 1821 est
631 1791 788 1830 cylindrus
812 1790 938 1831 aequalis
962 1789 1045 1820 facto

221 1841 259 1862 ex
275 1832 344 1862 area
359 1833 467 1863 circuli
480 1834 566 1864 radio
585 1834 610 1864 C
628 1834 657 1865 B
683 1833 825 1874 descripti
849 1833 883 1862 in
908 1832 1046 1863 altitudi-

221 1884 293 1904 nem
319 1875 347 1905 Β
362 1877 401 1912 b;
424 1875 513 1905 solidi
537 1876 633 1916 igitur
657 1882 746 1907 motu
770 1875 877 1906 circuli
895 1875 920 1906 C
939 1875 967 1906 B
992 1884 1047 1914 per

195 1918 199 1925 “
221 1926 311 1947 axem
325 1918 355 1947 A
374 1918 403 1948 B
417 1918 514 1958 geniti
528 1918 754 1950 incrementum
768 1928 895 1949 nascens
909 1917 1048 1958 adeoque

221 1965 253 1989 et
266 1959 362 1998 ipsius
376 1959 472 1990 fluxio
488 1960 580 2002 (146)
598 1968 643 1991 est
656 1967 693 1991 ut
706 1961 825 1991 factum
839 1970 877 1991 ex
892 1960 962 1990 area
987 1960 1047 1990 cir-

222 2001 283 2032 culi
293 2001 327 2031 in
342 2002 568 2034 incrementum
578 2013 705 2034 nascens
719 2005 747 2034 B
759 2005 789 2039 b,
800 2003 938 2034 abscissae
955 2003 986 2033 A
1005 2002 1045 2033 B.

225 2044 373 2075 Similiter
387 2055 459 2076 cum
474 2056 562 2076 arcus
577 2056 704 2076 nascens
722 2047 748 2077 C
763 2056 790 2083 c,
813 2055 886 2076 cum
900 2051 1047 2086 tangente

225 2087 251 2118 C
269 2074 298 2117 T
313 2087 472 2122 coincidaa
491 2090 594 2128 (Lem.
614 2089 662 2128 7.)
678 2088 854 2128 superficies
868 2098 995 2118 nascens
1009 2097 1047 2118 ex

221 2129 371 2160 rotatione
385 2131 495 2171 figurae
513 2131 541 2161 B
557 2133 577 2161 b
592 2141 609 2161 c
627 2131 662 2166 C,
679 2131 784 2171 genita
797 2130 922 2171 aequalis
937 2136 982 2160 est
995 2141 1047 2160 su-

221 2172 354 2211 perficiei
368 2173 437 2204 coni
450 2174 592 2211 truncati,
618 2172 755 2215 adeoque
768 2173 893 2214 aequalis
912 2173 995 2203 facto
1009 2183 1047 2203 ex

221 2214 420 2246 semisumma
443 2216 693 2255 peripheriarum,
720 2226 852 2256 quarum
873 2222 946 2246 sunt
970 2216 1048 2246 radii

223 2256 254 2287 B
273 2257 309 2294 C,
325 2259 345 2288 b
360 2268 386 2293 c,
402 2258 436 2288 in
450 2258 531 2289 latus
549 2260 574 2291 C
588 2259 626 2294 T,
639 2259 746 2291 seuob.
759 2259 860 2289 bc=
874 2259 902 2290 B
918 2259 943 2290 C
956 2259 1047 2299 (107)

222 2300 349 2340 aequalis
373 2300 455 2331 facto
470 2311 508 2331 ex
523 2301 694 2341 peripheria
708 2301 824 2337 circuli,
841 2301 931 2342 cujus
945 2301 1049 2332 radius

225 2341 254 2372 B
274 2342 310 2379 C,
327 2343 360 2373 in
374 2342 455 2374 latus
473 2344 499 2374 C
517 2345 554 2379 T,
571 2344 618 2374 vel
635 2354 741 2374 arcum
758 2344 784 2375 C
799 2344 838 2381 T,
854 2350 1046 2381 nascentem3

223 2383 298 2425 ergo
311 2382 430 2416 factum
443 2386 528 2416 istud
541 2392 587 2417 est
601 2387 826 2416 incrementum
847 2396 974 2418 nascens
995 2397 1047 2417 su-

222 2427 358 2465 perficiei
383 2438 485 2459 curvae
508 2439 548 2468 ex
577 2429 728 2459 rotatione
759 2429 790 2459 A
820 2429 846 2460 C
876 2429 1045 2468 descriptae,

223 2468 361 2542 adeloque
376 2477 421 2502 est
435 2477 471 2502 ut
485 2471 570 2501 illius
584 2471 870 2511 superficieifluxio
893 2472 987 2512 (146)
1004 2472 1044 2508 Q.

222 2521 248 2541 e.

268 2558 338 2588 155.
361 2556 482 2598 Anguli
496 2556 644 2588 rectilinei
668 2556 699 2587 A
717 2557 745 2587 P
761 2557 801 2594 B,
818 2556 856 2589 E'
868 2555 896 2588 P
912 2556 939 2588 F
978 2561 1052 2587 sunt

609 229 970 274 PHILOSOPH
979 226 1057 272 1AE
1089 222 1449 270 NATURALIS

1072 719 1636 760 VAPBexprimipossearcuAB

1540 222 1688 278 [Mor.
1712 217 1914 266 conma-

1084 343 1164 374 inter
1178 352 1211 373 se
1224 341 1339 372 directe
1353 346 1390 372 ut
1403 350 1492 371 arcus
1504 339 1535 371 A
1554 340 1593 376 B,
1611 339 1641 369 E
1659 338 1694 374 F,
1710 337 1767 378 qui
1780 336 1915 379 angulos

1085 384 1276 415 subtendunt
1290 390 1321 414 et
1334 382 1486 422 reciproce
1511 389 1548 413 ut
1571 390 1701 412 arcuum
1726 379 1804 410 radii
1816 379 1852 411 'A
1869 379 1911 417 P,

1088 428 1118 459 E
1138 427 1311 458 P.-—Dem.
1327 426 1386 456 Est
1399 425 1532 465 angulus
1549 425 1580 454 A
1599 423 1626 455 P
1643 423 1683 459 B,
1697 422 1736 452 ad
1757 422 1912 463 angulum

1089 471 1118 501 B
1142 469 1170 500 P
1193 468 1345 504 c.seuE
1364 467 1442 502 PF,
1469 465 1713 499 utarcusAB.
1734 464 1780 505 *ad
1804 473 1911 495 arcum

1087 510 1495 551 BC,ade6queutAB:
1523 507 1783 544 AP,adBc=
1811 506 1912 543 AP;

1083 554 1137 585 sed
1152 551 1418 585 obas-cussimilae
1431 551 1505 588 BC,
1521 550 1551 581 Ε
1566 551 1600 586 F,
1614 549 1739 580 esth
1753 561 1761 579 ι
1777 548 1808 579 A
1822 547 1910 580 P==

1085 597 1116 627 E
1129 596 1175 627 F:
1191 596 1220 626 E
1234 596 1277 633 P;
1289 593 1508 635 ergoangulus
1521 593 1552 623 A
1565 593 1592 623 P
1606 590 1912 633 B,estadangulum

1086 633 1751 674 EPF,utAB=AP,adEF=EP.
1775 633 1907 669 aad.

1130 684 1200 711 154.
1227 679 1316 709 Hinc
1329 678 1468 718 sequitur
1491 677 1535 707 10.
1564 675 1733 717 quemlibet
1757 676 1911 716 angulum

1651 717 1706 758 qui
1719 717 1822 756 ipsum
1837 719 1912 749 sub.

1086 764 1187 795 tendit
1200 762 1299 794 diviso
1313 771 1367 801 per
1380 761 1503 792 radium
1521 763 1550 792 A
1569 761 1607 792 P.
1652 758 1701 791 20.
1730 759 1911 794 Quemlibet

1087 816 1194 838 arcum
1208 804 1313 835 circuli
1328 803 1359 834 A
1377 804 1416 840 B,
1433 813 1498 835 esse.
1511 810 1548 834 ut
1561 803 1679 834 factum
1693 811 1731 831 ex
1746 801 1864 842 angulo
1877 803 1909 833 A

1089 849 1117 879 P
1133 849 1162 880 B
1177 848 1211 878 in
1224 846 1347 877 radium
1364 846 1395 876 A
1413 845 1449 880 P,

1085 891 1178 932 primi
1191 899 1288 929 posse.
1329 887 1379 919 50.
1406 887 1639 919 lucrementum
1660 896 1787 916 nascens
1801 886 1912 927 anguli

1086 933 1210 964 fluentis
1227 933 1258 962 A
1276 931 1304 961 P
1320 931 1360 968 B,
1376 928 1514 971 adeoque
1528 935 1559 960 et
1572 929 1656 959 illius
1670 927 1778 968 anguli
1797 927 1910 959 fluxio-

1086 986 1160 1006 nem
1183 973 1273 1017 (146)
1291 983 1355 1003 esse
1369 973 1404 1002 in
1417 972 1535 1002 ratione
1549 970 1665 1002 directa
1677 969 1766 1001 arcus
1780 970 1909 1002 circula-

1087 1017 1130 1049 ris
1144 1016 1296 1048 nascentis
1310 1022 1341 1047 et
1355 1014 1473 1046 inversa
1487 1013 1564 1045 radii
1578 1013 1672 1044 illius.

1474 844 1566 886 atque
1590 844 1668 875 adeo
1680 845 1740 874 hoc
1753 843 1836 873 facto
1855 853 1908 874 ex-

1133 1697 1202 1729 155.
1221 1697 1322 1728 Recta
1337 1697 1364 1728 P
1382 1698 1408 1729 C
1423 1698 1523 1728 fluens
1536 1697 1616 1730 circa
1629 1698 1737 1732 datum
1758 1702 1867 1742 polum
1885 1701 1914 1735 P

1087 1739 1269 1775 revolvatur,
1290 1746 1322 1770 et
1335 1747 1486 1779 punctum
1501 1741 1584 1771 illius
1598 1748 1771 1774 extremum
1789 1746 1825 1783 C,
1841 1756 1913 1778 cur.

1087 1792 1159 1812 vam
1177 1783 1206 1812 A
1224 1783 1250 1813 C
1265 1792 1293 1819 c,
1310 1782 1460 1814 describat
1483 1794 1576 1824 quam
1603 1786 1704 1826 tangit
1728 1786 1761 1816 in
1789 1788 1815 1818 C
1829 1796 1913 1821 recta

1094 1825 1123 1855 V
1141 1825 1166 1856 C
1184 1825 1220 1855 H
1236 1825 1269 1854 in
1283 1834 1376 1864 quam
1392 1835 1430 1855 ex
1445 1825 1517 1865 polo
1533 1826 1572 1861 P,
1585 1826 1716 1859 demissa
1730 1829 1769 1860 sit
1783 1840 1915 1870 perpen-

1090 1867 1236 1898 dicularis
1252 1867 1280 1898 P
1297 1867 1336 1897 V.
1387 1867 1432 1898 Sit
1449 1868 1478 1898 A
1494 1875 1647 1907 punctum
1669 1870 1703 1900 in
1727 1872 1821 1904 curva
1838 1874 1868 1904 A
1887 1874 1914 1906 C

1122 1910 1229 1946 fixum,
1245 1909 1519 1951 progrediaturque
1534 1917 1616 1942 recta
1632 1913 1660 1943 P
1678 1914 1704 1944 C
1719 1913 1758 1944 de
1772 1915 1841 1946 loco
1855 1926 1914 1948 suo

1093 1952 1123 1983 P
1139 1953 1175 1988 C,
1192 1952 1345 1982 inlocum
1359 1953 1529 1984 novum.P
1553 1964 1579 1990 c,
1607 1961 1638 1985 et
1659 1956 1809 1995 producta
1837 1958 1866 1989 P
1886 1969 1913 1994 c,

1091 2001 1271 2035 tangentem
1284 2000 1366 2025 secet
1386 1995 1421 2025 in
1435 1995 1474 2026 T.
1508 1996 1662 2035 capiatur
1677 1998 1704 2028 P
1722 1999 1751 2029 E
1766 2012 1813 2029 =
1831 1999 1858 2029 P
1877 2001 1914 2038 C,

1090 2047 1147 2068 seu
1161 2037 1247 2068 radio
1263 2037 1292 2068 P
1309 2037 1335 2068 C
1350 2036 1538 2069 describatur
1551 2039 1659 2070 circuli
1673 2051 1761 2071 arcus
1778 2043 1803 2072 C
1821 2042 1862 2080 E,
1878 2050 1916 2074 ut

1090 2080 1262 2110 habeantur
1278 2080 1308 2110 E
1329 2090 1356 2115 c,
1383 2080 1610 2112 incrementum
1634 2089 1725 2114 rectae
1741 2084 1770 2114 P
1789 2085 1824 2120 C,
1845 2086 1871 2116 C
1886 2096 1913 2121 c.

1090 2122 1317 2153 incrementum
1337 2133 1448 2160 curvae,
1478 2124 1510 2154 A
1539 2133 1566 2161 c,
1585 2124 1614 2155 P
1642 2125 1667 2156 C
1693 2136 1719 2163 c,
1745 2127 1915 2158 incremen-

1091 2165 1474 2202 tumareaePACP,
1503 2167 1637 2207 angulus
1664 2168 1690 2199 C
1718 2169 1916 2206 Pqincre-

1090 2214 1233 2239 mentum
1259 2207 1367 2249 anguli
1394 2208 1426 2238 A
1452 2209 1480 2238 P
1508 2209 1544 2247 C,
1570 2209 1680 2240 eodem
1702 2217 1839 2251 tempore
1859 2223 1916 2254 ge-

1093 2250 1168 2281 nita.
1218 2249 1339 2281 Redeat
1355 2250 1421 2291 jam
1443 2251 1472 2282 P
1498 2251 1591 2287 ofin
1606 2251 1710 2282 locum
1725 2264 1817 2284 suum
1832 2255 1914 2294 prio-

1093 2303 1160 2323 rem
1177 2293 1205 2323 P
1224 2293 1259 2328 C,
1277 2298 1313 2323 ut
1327 2292 1515 2324 incrementa
1538 2293 1591 2324 illa
1605 2295 1710 2325 omnia
1735 2303 1917 2328 evanescant

1093 2342 1125 2366 et
1148 2336 1261 2366 horum
1285 2335 1543 2366 incrementorum
1567 2338 1814 2368 evanescentium
1838 2339 1917 2370 ratio

1092 2378 1204 2409 ultima
1218 2376 1276 2409 en't
1289 2378 1365 2409 ratio
1386 2377 1558 2408 fluxionum
1583 2379 1790 2418 quantitatum
1816 2380 1916 2412 fluen-

1091 2420 1173 2451 tium
1187 2430 1319 2461 quarum
1334 2426 1407 2451 sunt
1419 2420 1609 2451 incrementa
1631 2422 1735 2471 (146).

1138 2465 1207 2495 156.
1234 2462 1391 2498 Quoniam
1405 2468 1511 2493 autem
1524 2471 1719 2502 perveniente
1735 2465 1763 2496 P
1777 2476 1805 2503 c,
1823 2466 1856 2497 in
1870 2466 1918 2498 lo-

1094 2515 1169 2536 cum
1185 2505 1213 2535 P
1231 2504 1267 2541 C,
1283 2503 1438 2545 triangula
1454 2505 1480 2535 C
1498 2505 1527 2536 Ε
1543 2515 1570 2543 c,
1590 2504 1616 2537 C
1634 2507 1663 2537 E
1679 2507 1719 2544 T,
1734 2518 1918 2541 evanescen-

1093 2547 1138 2578 tia
1152 2553 1224 2577 sunt
1236 2545 1348 2577 ultimo
1362 2546 1473 2577 similia
1486 2554 1518 2578 et
1531 2548 1661 2589 aequalia
1676 2551 1781 2591 (Lem.
1799 2551 1848 2591 8.)
1857 2552 1917 2583 cir-

1092 2589 1156 2621 culi
1170 2599 1258 2620 arcus
1275 2589 1301 2620 C
1319 2589 1359 2626 E,
1376 2599 1449 2620 cum
1463 2590 1576 2621 chorda
1592 2591 1686 2631 ipsius
1699 2592 1854 2631 coincidit,
1871 2592 1919 2634 1⁶5.

1092 2632 1179 2672 sique
1194 2631 1319 2672 aequalis
1327 2637 1373 2662 est
1389 2633 1492 2673 (Lem.
1512 2636 1540 2665 7.
1547 2633 1571 2673 ),
1587 2640 1618 2664 et
1631 2634 1778 2673 praeterea
1792 2646 1917 2668 evanes-

1092 2680 1180 2705 cente
1205 2674 1322 2715 angulo
1349 2675 1375 2705 C
1402 2674 1430 2705 P
1456 2675 1496 2712 E,
1513 2675 1622 2717 anguli
1637 2676 1667 2707 P
1683 2677 1710 2708 C
1726 2677 1767 2714 Ε,
1785 2678 1812 2707 Ρ
1829 2678 1859 2709 Ε
1878 2679 1916 2716 C,

1091 2722 1165 2747 sunt
1178 2722 1258 2747 mter
1273 2727 1305 2747 se
1319 2723 1350 2748 et
1364 2715 1485 2748 duobus
1499 2719 1589 2748 rectis
1610 2718 1750 2758 aequales,
1777 2719 1918 2762 adeoque
1982 2748 1985 2749 γ

1094 2759 1121 2790 C
1138 2757 1179 2795 E,
1195 2758 1280 2790 ad'P
1296 2760 1334 2797 T,
1359 2759 1513 2790 normalis.
1556 2760 1762 2791 Manifestum
1785 2769 1840 2799 est,
1867 2762 1913 2795 10.

1036 2822 1042 2825 -
1091 2801 1304 2842 Triangulum
1314 2802 1344 2832 T
1355 2802 1386 2831 V
1395 2799 1425 2832 P
1439 2812 1503 2833 esse
1517 2801 1673 2843 triangulo
1690 2803 1719 2834 T
1731 2804 1759 2834 E
1774 2805 1810 2841 C,
1823 2804 1917 2837 adeo-

1090 2853 1151 2884 que
1175 2850 1206 2874 et
1229 2843 1384 2885 triangulo
1409 2845 1599 2875 evanescenti
1613 2855 1630 2875 c
1647 2845 1677 2875 E
1697 2846 1732 2882 C,
1749 2847 1857 2885 simile,
1879 2859 1916 2880 ao

1089 2885 1217 2925 proinde
1233 2884 1383 2916 fluxiones
1397 2885 1485 2917 arens
1502 2886 1532 2916 A
1551 2887 1587 2923 C,
1603 2893 1635 2917 et
1648 2894 1739 2918 rectae
1754 2889 1782 2919 P
1799 2890 1837 2927 C,
1852 2901 1917 2922 esse
1957 2899 1961 2905 ’

1089 2928 1170 2958 inter
1184 2938 1216 2957 se
1231 2934 1268 2958 ut
1281 2928 1344 2959 duo
1358 2928 1452 2959 latera
1465 2929 1496 2959 V
1511 2928 1549 2966 T,
1568 2929 1597 2960 T
1613 2929 1642 2960 P
1657 2940 1710 2960 seu
1728 2931 1759 2961 V
1777 2932 1812 2966 C,
1834 2933 1858 2963 P
1875 2933 1912 2964 C.

1090 2969 1139 3000 20.
1161 2969 1346 3010 Fluxionem
1361 2970 1467 3012 anguli
1480 2973 1510 3001 A
1523 2971 1549 3001 P
1558 2972 1595 3008 C,
1611 2982 1675 3002 esse
1686 2979 1722 3003 ut
1739 2974 1764 3004 C
1774 2974 1803 3004 E
1820 2987 1827 3007 z
1849 2975 1877 3006 P
1889 2976 1915 3007 C

1092 3011 1289 3053 (154.)—-30.
1310 3012 1494 3043 Fluxionem
1509 3023 1587 3044 areae
1604 3014 1634 3044 A
1648 3015 1673 3046 C
1687 3015 1795 3052 P,esse
1807 3022 1842 3048 ut
1855 3017 1918 3048 fao-

1089 3059 1159 3084 tum
1167 3064 1205 3085 ex
1214 3054 1297 3085 recta
1306 3055 1332 3086 C
1343 3055 1377 3091 P,
1385 3055 1416 3085 in
1423 3055 1593 3086 normalem
1600 3057 1626 3087 C
1636 3057 1664 3087 E
1672 3066 1916 3098 evanescentemg

1091 3106 1162 3128 nam
1177 3106 1247 3128 area
1261 3097 1407 3139 trianguli
1423 3098 1450 3130 P
1469 3099 1494 3130 C
1508 3099 1547 3136 T,
1558 3099 1683 3141 aequalis
1697 3100 1826 3134 dimidio
1840 3108 1917 3135 rect·
