2086 3542
223 266 273 303 12
658 257 1109 303 PHILOSOPHIAE
1146 258 1186 300 N
1188 257 1504 303 ATURALIS
1695 256 1934 312 [Dm-mir.

219 391 265 426 ut
284 383 383 425 situs
402 382 593 425 relativus
620 389 894 434 conservetur,
922 382 1228 424 conservabitur
1252 383 1397 426 relatio
1422 384 1468 425 in
1489 382 1568 441 qua
1584 391 1718 425 motus
1745 383 1936 425 relativus

220 454 413 496 consistit.
455 453 616 497 Mutari
630 454 756 511 igitur
781 461 916 509 potest
936 461 1070 495 motus
1089 454 1221 496 omnis
1236 454 1427 497 relativus
1439 455 1511 496 ubi
1523 470 1642 497 verus
1657 454 1933 505 conservatur,

219 533 262 568 et
289 525 523 567 conservari
540 525 613 566 ubi
642 513 762 566 verus
794 531 998 574 mutatur3
1043 532 1084 566 et
1102 532 1322 580 propterea
1351 532 1486 567 motus
1512 540 1631 567 verus
1661 526 1705 567 in
1737 523 1934 581 ejusmodi

219 595 488 638 relationibus
505 595 675 637 minime
695 594 889 636 consistit.

278 666 628 723 Effectus,quibus
647 673 782 707 motus
797 664 972 707 absoluti
992 671 1032 706 et
1051 664 1210 706 relativi
1229 664 1537 723 distinguuntur
1559 665 1611 707 ab
1630 666 1819 717 invicem,
1842 671 1937 707 sunt

222 738 324 778 vires
340 737 559 779 recedendi
579 737 631 779 ab
657 751 738 778 axe
762 742 898 777 motus
924 735 1145 778 circularis.
1177 735 1227 791 (⁰)
1258 735 1369 777 Nam
1395 736 1439 776 in
1469 743 1586 778 motu
1617 736 1805 778 circulari
1824 735 1935 778 nude

219 810 391 852 relativo
409 809 477 850 hae
496 809 601 850 vires
619 808 746 850 nullae
765 814 871 858 sunt,
893 807 937 848 in
957 822 1054 848 vero
1075 814 1210 848 autem
1231 813 1272 847 et
1291 806 1477 848 absoluto
1489 808 1662 863 majores
1681 807 1746 849 vel
1757 807 1936 848 minores

219 895 298 936 pro
314 881 539 937 quantitate
552 887 700 921 motus.
744 879 789 922 Si
803 878 981 934 pendeat
996 878 1117 919 situla
1132 893 1156 918 a
1168 877 1240 918 filo
1254 877 1482 935 praelongo,
1497 884 1723 935 agaturque
1737 875 1938 934 perpetuo

219 951 264 993 in
284 951 440 1002 orbem,
475 951 607 992 donec
626 951 744 992 filum
776 964 802 991 a
833 949 1092 990 contorsione
1110 948 1335 990 admodum
1369 949 1556 1006 rigescat,
1592 948 1689 990 dein
1719 948 1939 1004 impleatur

220 1021 339 1079 aqua,
357 1029 399 1064 et
417 1020 500 1063 una
519 1036 613 1063 cum
634 1020 739 1077 aqua
760 1021 964 1076 quiescat3
993 1026 1083 1060 tum
1101 1019 1142 1060 vi
1158 1018 1292 1076 aliqua
1313 1018 1523 1061 subitanea
1543 1026 1690 1076 agatur
1707 1026 1824 1060 motu
1839 1032 1939 1060 con-

220 1093 348 1134 trario
374 1093 418 1133 in
449 1092 605 1142 orbem,
627 1098 668 1132 et
687 1091 759 1131 filo
793 1105 835 1131 se
861 1090 1084 1140 relaxante,
1118 1089 1270 1130 diutius
1300 1096 1533 1145 perseveret
1551 1089 1595 1130 in
1614 1089 1695 1131 hoc
1713 1095 1856 1141 motu3
1887 1088 1938 1145 (Ψ)

221 1163 454 1219 superficies
474 1177 592 1218 aquae
611 1162 689 1202 sub·
701 1161 819 1202 initio
837 1160 962 1215 plana
981 1161 1069 1212 erit,
1093 1160 1439 1216 quemadmodum
1458 1166 1553 1202 ante
1571 1168 1731 1202 motum
1749 1160 1876 1202 vasis:
1898 1167 1942 1202 at

220 1241 438 1290 postquam
457 1247 540 1282 vaS,
572 1232 613 1273 vi
632 1232 676 1272 in
696 1244 844 1287 aquam
855 1231 1053 1286 paulatim
1073 1230 1280 1286 impressa,
1310 1231 1442 1273 effecit
1461 1238 1508 1273 ut
1525 1230 1616 1272 haec
1636 1246 1800 1288 quoque
1814 1230 1940 1273 sensi-

220 1305 356 1347 biliter
384 1303 539 1345 revolvi
557 1302 725 1357 incipiat
736 1318 748 1352 3
778 1301 942 1343 recedet
960 1301 1049 1356 ipsa
1065 1301 1262 1357 paulatim
1282 1317 1308 1343 a
1325 1302 1476 1353 medio,
1508 1302 1779 1359 ascendetque
1797 1301 1852 1344 ad
1879 1301 1940 1344 la-

221 1383 309 1418 tera
323 1375 439 1426 vasis,
456 1374 634 1431 figuram
649 1387 871 1414 concavam
890 1372 1076 1423 induens,
1109 1376 1172 1428 (ut
1190 1372 1278 1427 ipse
1297 1379 1490 1427 expertus
1509 1373 1617 1426 sum)
1652 1380 1693 1415 et
1711 1371 1942 1415 incitatiore

221 1461 382 1502 semper
400 1452 516 1486 motu
535 1444 727 1486 ascendet
744 1444 875 1501 magis
894 1451 935 1485 et
954 1443 1097 1500 magis,
1119 1443 1252 1484 donec
1263 1443 1537 1485 revolutiones
1548 1444 1592 1485 in
1607 1443 1833 1500 aequalibus
1847 1457 1942 1499 cum

220 1520 314 1560 vase
333 1516 586 1571 temporibus
610 1513 861 1572 peragendo,
890 1515 1071 1570 quiescat
1089 1514 1133 1554 in
1167 1514 1314 1555 eodem
1333 1513 1512 1556 relative.
1583 1514 1746 1557 Indicat
1775 1514 1845 1556 hic
1877 1513 1942 1556 as-

222 1602 366 1631 census
386 1593 579 1629 conatum
599 1585 817 1628 recedendi
837 1585 890 1627 ab·
909 1596 988 1626 axe
1006 1592 1153 1636 motus,
1186 1592 1228 1627 et
1245 1600 1322 1640 per
1340 1585 1466 1626 talem
1500 1592 1694 1626 conatum
1719 1585 1939 1627 innotescit

222 1666 264 1702 et
282 1665 541 1700 mensuratur
560 1664 696 1698 motus
716 1671 834 1713 aquae
864 1656 1072 1697 circularis
1092 1671 1212 1697 verus
1241 1663 1282 1716 et
1313 1655 1534 1707 absolutus,
1570 1655 1784 1711 motuique
1801 1655 1940 1697 relati·

220 1746 274 1773 vo
292 1731 362 1772 hic
380 1729 551 1771 omnino
571 1726 811 1770 contrarius.
870 1728 1008 1778 Initio,
1025 1727 1098 1768 ubi
1117 1727 1321 1768 maximus
1341 1734 1428 1768 erat
1443 1741 1562 1782 aquae
1586 1732 1722 1767 motus
1749 1725 1942 1768 relativus

220 1802 265 1844 in
284 1817 390 1852 vase,
411 1800 636 1842 motus'ille
654 1798 815 1840 nullum
841 1798 1045 1840 excitabat
1064 1804 1257 1839 conatum
1277 1797 1496 1839 recedendi
1530 1796 1583 1838 ab
1603 1811 1698 1838 axe:
1730 1811 1838 1854 aqua
1856 1811 1943 1838 non

220 1873 387 1928 petebat
406 1869 775 1913 circumferentiam
801 1869 1059 1910 ascendendo
1086 1868 1140 1910 ad
1172 1868 1302 1909 latera
1320 1861 1438 1919 v'asis,
1475 1867 1547 1909 sed
1579 1867 1705 1923 plana
1734 1867 1940 1919 manebat,

222 1950 264 1985 et
276 1950 495 1999 propterea
509 1941 617 1982 illius
635 1955 755 1982 verus
769 1946 911 1981 motus·
926 1939 1134 1981 circularis
1161 1939 1348 1980 nondum
1367 1939 1589 1994 inceperat.
1657 1938 1808 1980 Postea
1826 1953 1938 1990 vero,

220 2014 293 2056 ubi
313 2029 431 2071 aquae
457 2020 592 2055 motus
621 2012 812 2054 relativus
832 2012 1024 2062 decrevit,
1053 2025 1241 2052 ascensus
1267 2011 1352 2066 ejus
1372 2009 1426 2051 ad
1456 2009 1585 2051 latera
1602 2009 1708 2051 vasis
1733 2004 1944 2050 indicabat

223 2092 416 2128 conatum
442 2083 662 2126 recedendi
688 2083 741 2125 ab
767 2098 870 2133 axe3
907 2089 1030 2139 atque
1054 2081 1124 2123 hic
1151 2089 1320 2123 conatus
1353 2080 1607 2122 monstrabat
1643 2087 1803 2121 motum
1834 2079 1943 2122 illius
1971 2078 1975 2093 ³

221 2156 463 2198 circularem
482 2169 625 2196 verum
644 2161 844 2210 perpetuo
872 2160 1134 2204 crescentem,
1156 2167 1204 2193 ac
1230 2151 1398 2193 tandem
1427 2151 1656 2192 maximum
1685 2150 1840 2192 factum
1870 2150 1943 2192 ubi

221 2242 329 2283 aqua
348 2226 581 2283 quiescebat
598 2226 644 2266 in
662 2240 757 2267 vase
775 2223 956 2266 relative.
1017 2224 1160 2274 Quare
1175 2230 1344 2264 conatus
1360 2222 1435 2263 iste
1446 2236 1532 2263 non
1551 2221 1706 2277 pendet
1724 2237 1751 2263 a
1769 2221 1940 2262 transla-

220 2298 334 2339 tione
360 2312 479 2353 aquae
498 2302 686 2351 respectu
707 2309 929 2351 corporum
949 2294 1230 2345 ambientium,
1264 2301 1305 2335 et
1329 2300 1550 2348 propterea
1567 2298 1704 2333 motus
1732 2291 1941 2333 circularis
1990 2293 1993 2296 ’

222 2383 343 2410 verus
371 2350 446 2423 per
465 2368 566 2409 tales
585 2366 869 2408 translationes
889 2366 1053 2407 definiri
1071 2365 1225 2421 nequit.
1288 2364 1448 2406 Unicus
1463 2370 1523 2404 est
1542 2361 1726 2417 corporis
1745 2362 1942 2419 cujusque

221 2439 470 2481 revolventis
476 2445 612 2479 motus
623 2436 719 2479 vere
732 2437 952 2488 circularis,
967 2436 1132 2478 conatui
1144 2436 1267 2477 unico
1280 2441 1475 2490 tanquam
1486 2432 1657 2487 proprio
1672 2438 1713 2474 et
1724 2432 1942 2490 adaequato

223 2510 384 2552 effectui
403 2508 655 2565 respondens
671 2524 681 2550 ε
712 2515 847 2549 motus
862 2515 999 2549 autem
1018 2506 1177 2548 relativi
1194 2519 1273 2560 pro
1288 2503 1409 2546 variis
1423 2502 1689 2544 relationibus
1701 2502 1755 2544 ad
1770 2510 1942 2546 externa

223 2581 428 2622 innumeri
454 2586 566 2630 sunt;
594 2586 636 2620 et
654 2578 899 2620 relationum
924 2578 1065 2627 instar,
1093 2575 1303 2618 effectibus
1321 2573 1427 2615 veris
1453 2573 1623 2615 omnino
1648 2573 1942 2626 destituuntur,

223 2651 301 2692 nisi
321 2659 519 2708 quatenus
538 2663 681 2691 verum
700 2649 818 2689 illum
837 2655 880 2689 et
897 2648 1065 2689 unicum
1075 2653 1234 2687 motum
1251 2644 1512 2700 participant.
1583 2644 1710 2687 Unde
1722 2652 1763 2686 et
1775 2645 1820 2686 in
1842 2646 1941 2702 Sys-

223 2728 372 2764 temate
392 2737 535 2764 eorum
549 2722 620 2778 qui
638 2721 776 2764 Coelos
791 2727 951 2763 nostros
970 2720 1078 2762 infra
1099 2719 1238 2762 coelos
1260 2719 1458 2761 Fixarum
1476 2718 1521 2759 in
1532 2717 1675 2760 orbem
1694 2719 1847 2760 revolvi
1866 2733 1941 2761 vo·-
1968 2706 1971 2710 .

222 2843 313 2875 muni
327 2843 495 2875 directione
514 2844 676 2885 conspiret,
698 2844 760 2878 ah'a
772 2844 846 2877 vero
866 2845 906 2876 sit
919 2844 978 2885 ipsi
991 2855 1062 2884 per-
1104 2843 1282 2886 quiescendi
1304 2848 1386 2875 statu
1419 2851 1610 2883 perseverare
1641 2842 1767 2879 nitatur,
1799 2843 1834 2874 in
1870 2854 1942 2876 enm

223 2886 439 2926 pendicularis,
465 2893 610 2928 tuncque,
637 2898 676 2919 ex
700 2898 734 2919 re
756 2887 818 2919 ulis
836 2886 918 2918 infra
932 2887 1062 2918 demon·
1105 2886 1228 2918 nonnisi
1258 2885 1412 2927 gradatim
1434 2890 1467 2915 et
1489 2895 1545 2925 per
1558 2885 1721 2924 repetitam
1743 2885 1876 2917 laterum
1898 2887 1941 2919 ni-

223 2928 363 2964 six-andis,
380 2928 526 2959 facillime
539 2930 734 2962 invenieturt
805 2930 945 2962 absoluta
958 2935 1062 2961 nautae
1105 2929 1179 2960 tulae
1194 2928 1368 2959 frictionem
1382 2933 1486 2958 motus
1500 2927 1657 2958 circularis
1677 2928 1806 2959 maire
1818 2934 1940 2969 potem

224 2970 370 3006 celeritas,
394 2969 464 3001 tum
478 2971 561 3001 illius
575 2975 646 3003 v'era
660 2972 796 3004 directio.
1105 2971 1243 3011 adeoque
1258 2971 1316 3001 sub
1330 2969 1419 3000 initio
1427 2969 1530 3000 motus
1546 2969 1656 3006 situle,
1676 2975 1740 3001 tota
1761 2981 1849 3011 aquae
1858 2981 1940 3003 mu-

266 3012 318 3055 (0)
342 3017 392 3044 20.
413 3012 454 3043 In
465 3019 552 3043 motu
562 3014 703 3045 circulari
718 3014 804 3047 nude
811 3014 947 3052 relativo,
962 3014 1060 3052 idest,
1105 3024 1139 3044 sa
1152 3013 1281 3054 quiescit
1294 3011 1440 3047 absolute,
1456 3011 1520 3042 sive
1535 3011 1618 3052 quod
1633 3011 1716 3042 idem
1735 3019 1789 3049 est,
1805 3013 1941 3045 maximi

223 3055 257 3085 in
271 3054 375 3096 quiete
396 3054 537 3085 absoluta
559 3057 693 3095 corporis
717 3057 831 3094 inertis,
858 3057 943 3098 quod
972 3063 1063 3087 motu
1105 3055 1265 3087 velocitate
1279 3053 1364 3085 nude
1378 3053 1504 3085 relativa
1517 3054 1551 3084 in
1564 3063 1634 3084 vase
1649 3054 1833 3094 revolvitur;
1854 3055 1940 3087 und&

225 3096 377 3128 duntaxat
409 3096 536 3127 relativo
565 3099 814 3135 mevam-,vires
841 3099 949 3131 activae
968 3099 1065 3130 nullae
1107 3097 1254 3129 destituta
1267 3097 1353 3128 omni
1368 3096 1399 3126 vi
1413 3095 1511 3127 activi
1535 3096 1606 3137 (20)
1622 3096 1704 3127 sieut
1724 3096 1798 3128 ante
1818 3103 1941 3128 motum

224 3145 308 3171 sunt.
1108 3139 1218 3176 simloe,
1235 3139 1328 3179 plana
1341 3146 1372 3170 et
1388 3138 1494 3179 quieta
1506 3145 1620 3169 manet.
1667 3139 1729 3170 Sed
1740 3149 1813 3171 cum
1831 3139 1941 3171 imno

270 3181 316 3223 (p)
340 3185 391 3213 21.
429 3181 511 3213 Cum
526 3192 607 3223 aqua
629 3182 659 3212 vi
679 3182 795 3215 inertiae
812 3184 863 3227 (8)
900 3185 934 3215 in
957 3182 1067 3215 eodem
1109 3182 1242 3214 laterum
1257 3181 1335 3212 vasis
1344 3180 1491 3221 impulsu,
1507 3186 1611 3212 motus
1619 3181 1939 3222 circularisadaquam
