2086 3542
234 257 315 293 3⁶26
633 248 1086 292 PHILOSOPHIAE
1118 227 1481 290 NATURALIS
1550 240 1709 294 ,[Μοτ.
1734 238 1937 283 commu.

231 375 404 418 rantem,
428 365 551 423 idque
571 381 622 408 eo
641 366 786 422 magis,
808 380 891 422 quo
910 365 1041 420 major
1061 371 1124 404 est
1149 361 1364 418 proportio
1391 359 1514 415 hujus
1541 357 1602 399 vis
1632 355 1687 397 ad
1716 354 1800 395 vim
1829 353 1941 409 prio-

231 453 333 488 rem,
368 438 526 479 caeteris
560 437 742 492 paribus.
805 436 987 478 Proinde
1022 450 1117 477 cum
1147 438 1239 489 (per
1275 433 1401 487 Prop.
1438 430 1522 472 XI.
1557 439 1600 471 et
1629 442 1705 483 per
1738 425 1879 468 Corol.
1901 430 1942 467 2.

233 508 391 550 Theor.
414 509 565 562 XXI.)
598 508 671 558 vis,
694 507 774 564 qua
800 507 953 562 ellipsis
986 506 1094 547 circa
1124 504 1368 546 umbilicum
1402 502 1445 544 T
1475 500 1735 549 describitur,
1771 497 1942 539 tendere

232 581 381 623 debeat
401 580 454 622 ad
475 580 715 623 umbilicum
734 579 865 629 illum,
888 586 930 619 et
948 592 1039 619 esse
1058 576 1260 633 quadrato
1280 573 1486 615 distantiae
1508 573 1544 614 P
1557 571 1600 614 T
1613 568 1827 625 reciproce
1846 580 1945 624 pro·-

234 1177 501 1235 portionalis3
539 1178 597 1221 vis
618 1177 689 1220 illa
718 1179 957 1235 composita,
994 1177 1226 1221 aberrando
1257 1178 1310 1221 ab
1340 1177 1419 1221 hac
1451 1179 1734 1235 proportione,
1754 1177 1876 1221 faciet
1908 1186 1956 1220 ut

237 1252 349 1293 orbis
373 1251 409 1294 P
432 1252 472 1293 A
495 1251 533 1293 B
554 1250 718 1293 aberret
737 1267 762 1292 a
781 1251 914 1293 forma
947 1251 1137 1306 ellipseos
1168 1250 1409 1292 umbilicum
1442 1250 1634 1292 habentis
1668 1251 1710 1292 in
1736 1250 1801 1301 T;
1832 1250 1956 1306 idque

236 1337 287 1363 eo
307 1322 453 1379 magiS,
477 1337 560 1377 quo
580 1323 714 1377 major
734 1330 798 1364 est
817 1322 1024 1364 aberratio
1044 1321 1096 1363 ab
1115 1319 1196 1362 hac
1223 1321 1519 1376 proportione3
1551 1329 1674 1378 atque
1703 1313 1800 1363 ideo
1834 1322 1958 1363 etiam

236 1407 320 1447 quo
339 1394 472 1447 major
492 1401 555 1436 est
575 1393 792 1447 proportio
816 1393 877 1434 vis
899 1391 1093 1434 secundae
1114 1392 1153 1432 L
1174 1391 1226 1432 M
1246 1392 1300 1433 ad
1320 1391 1403 1432 vim
1435 1392 1627 1446 primam,
1660 1392 1819 1434 caeteris
1849 1391 1960 1447 pari—

237 1463 326 1504 bus.
385 1462 481 1503 Jam
502 1477 602 1503 vero
622 1464 683 1503 vis
705 1462 828 1503 tertia
852 1463 882 1504 S
908 1462 973 1513 M,
996 1461 1200 1503 trahendo
1221 1476 1371 1516 corpus
1394 1462 1431 1503 P
1451 1461 1678 1510 secundum
1702 1462 1850 1503 lineam
1881 1462 1962 1517 ipsi

241 1535 272 1576 S
293 1534 336 1575 T
355 1533 610 1588 parallelam,
633 1541 857 1589 componet
877 1547 972 1575 cum
990 1533 1197 1589 prioribus
1218 1532 1314 1583 vim,
1337 1547 1431 1588 quae
1450 1546 1535 1573 non
1563 1531 1739 1588 amplius
1770 1532 1963 1590 dirigitur

240 1620 265 1646 a
289 1605 324 1646 P
344 1605 387 1645 in
409 1605 473 1662 T;
505 1619 681 1661 quaeque
702 1606 755 1646 ab
789 1605 870 1646 hac
905 1597 1248 1646 determinatione
1283 1612 1399 1646 tanto
1430 1605 1562 1662 magis
1594 1605 1771 1656 aberrat,
1807 1612 1962 1661 quanto

239 1677 371 1730 major
392 1683 454 1717 est
473 1676 690 1730 proportio
710 1676 834 1732 hujus
854 1677 988 1717 tertiae
1011 1677 1071 1718 vis
1091 1676 1144 1717 ad
1165 1676 1271 1717 vires
1290 1676 1462 1730 priores,
1497 1676 1655 1717 caeteris
1673 1676 1842 1731 paribus
1859 1691 1869 1716 :
1901 1683 1962 1717 at-

239 1761 322 1802 que
342 1746 438 1787 ideo
458 1761 552 1802 quae
573 1746 697 1788 faciet
715 1754 763 1788 ut
782 1761 932 1801 corpus
956 1747 1004 1797 P,
1029 1746 1146 1787 radio
1167 1745 1209 1787 T
1232 1746 1279 1795 P,
1302 1760 1417 1787 areas
1443 1740 1530 1787 non
1560 1746 1736 1801 amplius
1767 1746 1964 1801 tempori-

240 1816 318 1857 bus
338 1817 670 1871 proportionales
692 1816 922 1866 describat3
955 1824 1078 1871 atque
1098 1825 1145 1856 ut
1165 1815 1369 1856 aberratio
1389 1815 1442 1856 ab
1471 1814 1551 1856 hac
1579 1816 1964 1870 proportionalitate

241 1896 357 1929 tanto
376 1888 510 1942 major
530 1887 595 1937 sit,
617 1894 773 1942 quanto
793 1888 927 1942 major
946 1894 1009 1928 est
1028 1886 1244 1941 proportio
1263 1886 1324 1927 vis
1353 1886 1478 1941 hujus
1505 1887 1640 1927 tertiae
1669 1887 1724 1928 ad
1751 1887 1859 1929 vires
1885 1902 1965 1930 cae-

241 1966 362 2000 teras.
424 1958 551 2000 Orbis
571 1957 671 1999 vero
695 1958 730 1999 P
752 1958 793 2000 A
817 1959 855 2000 B
876 1958 1184 2000 aberrationem
1204 1973 1230 1999 a
1249 1957 1383 1999 forma
1404 1958 1584 2013 elliptica
1604 1958 1775 2014 praefatfi
1795 1959 1887 2002 haec
1906 1961 1968 2001 vis

243 2031 364 2072 tertia
384 2030 541 2084 duplici
561 2029 613 2070 de
634 2029 756 2070 causa
778 2029 1015 2085 adaugebit,
1039 2037 1129 2069 tum
1149 2028 1262 2084 quod
1293 2043 1379 2070 non
1409 2027 1613 2087 dirigatur
1642 2045 1668 2072 a
1704 2031 1741 2073 P
1761 2030 1813 2072 ad
1834 2032 1888 2082 T,
1921 2031 1966 2085 (¹)

244 2111 333 2145 tum
354 2103 476 2144 etiam
499 2102 611 2157 quod
631 2116 717 2142 non
738 2102 792 2142 sit
811 2099 1023 2155 reciproce
1042 2100 1363 2155 proportionalis
1394 2101 1596 2156 quadrato
1628 2102 1832 2145 distantiae
1854 2104 1891 2146 P
1911 2103 1965 2146 T.

246 2175 411 2224 Quibus
432 2174 665 2224 intellectis,
689 2172 955 2214 manifestum
987 2180 1062 2223 est,
1086 2172 1199 2228 quod
1233 2186 1342 2213 areae
1375 2173 1630 2227 temporibus
1663 2182 1754 2215 tum
1787 2174 1969 2217 maxime

247 2245 353 2286 fiunt
372 2244 718 2300 proportionales,
741 2243 813 2284 ubi
833 2243 894 2284 vis
917 2242 1049 2293 tertia,
1071 2242 1333 2283 manentibus
1353 2242 1509 2284 viribus
1525 2243 1697 2294 caeteris,
1714 2244 1763 2285 fit
1774 2245 1944 2289 minima
1955 2262 1969 2297 ς

246 2323 288 2357 et
308 2315 420 2371 quod
440 2315 553 2355 orbis
577 2314 612 2355 P
634 2314 675 2355 A
698 2314 736 2355 B
757 2321 846 2354 tum
866 2311 1048 2353 maxime
1069 2312 1228 2354 accedit
1242 2313 1295 2354 ad
1310 2313 1525 2368 praefatam
1539 2313 1715 2356 formam
1731 2315 1973 2371 ellipticam,

184 2386 192 2391 ’
246 2386 398 2427 ubivis
419 2392 504 2426 tam
525 2383 707 2425 secunda
726 2397 851 2440 quam
881 2383 1016 2433 tertia,
1048 2382 1123 2424 sed
1150 2382 1361 2438 praecipue
1396 2383 1457 2425 vis
1491 2385 1613 2426 tertia
1645 2385 1695 2428 fit
1723 2386 1907 2439 minima,
1928 2387 1970 2429 vi

246 2456 380 2512 prima
401 2464 606 2498 manente.

307 2529 556 2583 Exponatur
576 2527 763 2582 corporis
785 2527 827 2569 T
847 2527 1040 2569 attractio
1061 2527 1330 2569 acceleratrix
1351 2542 1493 2570 versus
1517 2529 1547 2572 S
1565 2540 1651 2584 per·
1669 2529 1820 2578 lineam
1850 2530 1881 2572 S
1902 2530 1968 2582 N3

248 2608 289 2641 et
312 2600 347 2640 si
367 2599 633 2640 attractiones
654 2598 962 2640 acceleratrices
986 2599 1016 2640 S
1038 2598 1104 2649 M,
1129 2599 1159 2640 S
1181 2599 1224 2640 N
1250 2599 1429 2655 aequales
1460 2609 1597 2642 essent
1609 2616 1623 2650 3
1653 2600 1732 2651 hae,
1762 2600 1967 2644 trahendo

248 2684 426 2725 corpora
446 2669 487 2710 T
502 2678 544 2710 et
559 2669 601 2710 P·
615 2669 830 2724 aequaliter
850 2678 892 2710 et
913 2668 1142 2710 secundum
1162 2668 1291 2711 lineas
1310 2670 1541 2725 parallelas,
1555 2671 1614 2711 nil
1628 2678 1836 2713 mutarent
1847 2672 1972 2715 situm

250 2757 396 2784 eorum
416 2742 470 2784 ad
490 2742 679 2784 invicem.
742 2742 876 2784 Iidem
892 2743 981 2798 jam
1000 2741 1138 2783 forent
1169 2756 1391 2797 corporum
1424 2743 1587 2784 illorum
1621 2750 1759 2785 motus
1787 2743 1898 2788 inter
1927 2761 1973 2790 se

295 2879 336 2921 (ί)
359 2885 432 2913 496.
466 2883 551 2913 Tum
576 2884 669 2914 etiam
694 2883 775 2922 quod
800 2892 863 2912 non
886 2880 924 2911 sit
946 2875 1093 2920 reciproce?
1138 2877 1161 2908 S
1178 2876 1212 2909 K
1226 2879 1240 2900 ³
1259 2882 1292 2915 ><
1314 2878 1336 2909 S
1352 2879 1382 2909 T

245 2925 486 2964 W⁰1¹⁰rli⁰⁷1alis.
503 2925 560 2955 «Sne.
611 2925 695 2954 Nam
713 2925 738 2954 P
755 2924 784 2954 Τ
799 2930 845 2954 est
860 2923 899 2953 ad
917 2923 938 2953 S
956 2923 985 2953 T
999 2928 1035 2952 ut
1050 2923 1094 2952 vis
1213 2931 1235 2961 S
1253 2931 1281 2961 P
1295 2933 1310 2954 3
1380 2926 1390 2935 ·
1440 2904 1546 2942 Quat&
1566 2906 1611 2937 vis
1635 2907 1657 2939 S
1673 2907 1723 2947 M,
1746 2906 1826 2940 datis
1849 2909 1871 2942 S
1886 2907 1922 2942 K
1942 2915 1974 2942 et

254 2966 284 2996 L
301 2965 339 2995 M
355 2971 401 2994 est
415 2966 453 2995 ad
469 2966 531 2995 vim
550 2967 572 2997 S
589 2966 638 3003 M,
656 2966 710 2996 sed
727 2966 820 3008 (495)
837 2965 882 2996 vis
898 2965 927 2996 L
944 2965 982 2996 M
998 2971 1044 2995 est
1059 2971 1094 2995 ut
1379 2977 1392 3004 1

256 3007 505 3043 sx³><1’'r
681 3033 687 3040 .
808 3034 816 3041 ,
1138 2998 1330 3036 suescat
1399 3027 1409 3042 ‚

255 3051 398 3089 '‘S—P
413 3062 426 3081 ³
492 3056 514 3079 J
556 3040 587 3064 ct
623 3033 752 3073 proinde}
788 3044 833 3064 vis
864 3033 886 3065 S
916 3033 955 3064 M
984 3038 1030 3064 est
1058 3038 1094 3063 ut
1343 3026 1365 3057 S
1382 3025 1400 3058 l
1422 3028 1438 3050 ³
