2086 3542
187 245 240 283 34
551 233 1001 283 PHILOSOPHIAE
1033 233 1394 278 NATURALIS
1408 287 1411 289 ,
1578 235 1776 287 [AxioM.
1794 246 1896 279 mvn

187 353 462 409 projectilium
480 352 572 394 fieri
591 352 635 393 in
653 349 850 406 parabola
861 365 872 399 ;
903 349 1164 404 conspirante
1194 350 1463 406 experientia,
1485 351 1565 392 nisi
1585 359 1785 406 quatenus
1806 364 1896 391 mo-

188 434 254 466 tus
274 424 334 465 illi
351 438 427 479 per
446 423 550 465 aeris
570 421 843 464 resistentiam
863 419 1162 475 aliquantulum
1181 421 1453 462 retardantur.
1515 421 1702 476 Corpore
1723 420 1898 462 cadente

189 495 366 553 gravitas
386 494 614 544 uniformis,
638 492 807 548 singulis
828 490 1024 546 temporis
1045 491 1254 545 particulis
1286 492 1511 548 aequalibus
1538 492 1750 548 aequaliter
1770 506 1897 548 agen-

191 566 246 607 do
266 566 462 621 imprimit
480 565 586 607 vires
607 563 784 620 aequales
804 562 848 602 in
869 575 1018 616 corpus
1038 561 1154 613 illud,
1186 571 1228 603 et
1246 562 1479 613 velocitates
1500 562 1677 619 aequales
1698 571 1894 619 generat:

991 685 1036 728 A
1061 692 1190 720 rectum,
1212 690 1335 724 tempus
1355 694 1410 724 per
1435 685 1471 715 H
1484 685 1535 721 =B,
1554 684 1672 726 aequale
1694 685 1828 724 tempori
1841 695 1902 733 per.

193 1372 252 1402 hoc
263 1369 397 1411 ωερε),
408 1368 449 1400 ad
457 1374 581 1407 tempus
591 1376 646 1406 per
659 1366 688 1396 A
698 1366 737 1401 B,
749 1371 786 1396 ut
799 1365 829 1395 A
842 1365 878 1400 C,
891 1363 932 1394 ad
944 1363 974 1394 A
988 1364 1026 1394 B.

237 1417 288 1444 80.
314 1414 418 1445 Coroll.
448 1414 478 1443 5.
507 1411 591 1441 Cum
615 1408 656 1439 sit
681 1408 713 1438 A
741 1407 777 1444 C,
801 1407 842 1437 ad
870 1407 901 1437 A
927 1407 965 1443 B,
995 1412 1032 1437 ut

193 1462 317 1495 tempus
331 1464 386 1494 per
403 1454 434 1485 A
453 1454 489 1489 C,
513 1453 554 1483 ad
575 1457 701 1490 tempus
716 1459 771 1489 per
788 1450 819 1480 A
837 1449 881 1486 B,
901 1454 932 1478 et
956 1448 988 1479 A
1002 1458 1030 1485 c,

194 1498 235 1529 ad
248 1498 279 1528 A
293 1498 330 1535 B,
347 1502 384 1527 ut
397 1502 521 1536 tempus
535 1504 590 1534 per
604 1493 635 1524 A
646 1502 673 1528 c,
690 1492 731 1523 ad
742 1498 865 1540 tempus
875 1500 929 1530 per
943 1491 974 1521 A
987 1491 1027 1526 B,

196 1540 279 1583 (79),
296 1546 435 1579 tempora
449 1538 562 1579 quibus
575 1540 799 1576 percurruntur
809 1534 928 1565 diversa
937 1533 1032 1572 plana

198 1583 228 1614 A
246 1583 281 1619 C,
307 1582 339 1613 A
354 1592 380 1617 c,
404 1580 545 1622 ejusdem
567 1577 740 1609 altitudinis
769 1578 801 1607 A
828 1576 875 1613 B,
897 1581 971 1606 sunt
995 1582 1032 1607 ut

193 1625 360 1665 planorum
373 1623 597 1664 longitudines.

238 1671 288 1698 81.
313 1668 415 1699 Coroll.
438 1671 467 1698 6.
497 1664 676 1697 Celeritates
701 1662 843 1704 gravium
871 1661 906 1692 in
933 1661 1027 1701 plano

194 1710 303 1751 quovis
317 1708 465 1740 inclinato
483 1708 514 1738 A
532 1707 569 1743 C,
593 1712 624 1737 et
644 1706 678 1736 in
699 1703 920 1745 perpendiculo
938 1704 968 1734 A
987 1704 1026 1740 B,

194 1752 339 1825 aaedlualaed
353 1757 434 1787 sunt,
458 1750 511 1782 ubi
534 1748 640 1822 glravia
664 1758 718 1821 egl
732 1747 842 1820 efidegi
856 1746 1028 1820 ἓὶῑίωᾶὶηε

259 1805 318 1825 ean
340 1804 390 1824 em
411 1799 527 1824 rectam
570 1800 674 1822 orizon
718 1800 767 1820 em
888 1811 895 1825 ,
918 1798 1025 1827 perve-

194 1837 305 1874 nerint,
336 1835 476 1877 adeoque
504 1834 680 1866 velocitates
707 1832 742 1862 in
765 1831 867 1872 planis
895 1830 1026 1861 inclina-

193 1879 233 1909 tis
261 1879 292 1909 A
307 1879 341 1914 C,
376 1879 407 1909 A
421 1888 448 1914 c,
472 1876 611 1919 ejusdem
633 1874 806 1906 altitudinis
829 1873 865 1904 in
891 1874 917 1904 C
948 1879 980 1904 et
998 1883 1024 1910 c,

194 1927 268 1951 sunt
289 1921 438 1961 aequales;
461 1926 508 1950 est
530 1918 615 1949 enim
638 1917 783 1948 velocitas
807 1916 842 1946 in
859 1916 897 1951 B,
919 1915 960 1946 ad
974 1925 1027 1945 ve-

194 1963 350 1994 locitatem
378 1963 412 1992 in
435 1963 479 1998 H,
503 1967 541 1992 ut
566 1961 597 1991 A
625 1960 654 1991 B
681 1958 722 1990 ad
747 1959 778 1989 A
805 1959 840 1988 H
873 1959 924 2000 (ea
945 1957 1030 1988 enim

194 2005 292 2044 spatia
323 2005 434 2036 eodem
461 2011 600 2043 tempore
631 2000 782 2040 descripta
813 1999 900 2040 sunt)
931 2006 963 2030 et
990 2001 1030 2030 ob

194 2047 431 2078 similitudinem
452 2045 681 2087 triangulorum
698 2043 730 2074 A
753 2043 787 2073 H
815 2043 854 2078 B,
881 2044 913 2072 A
938 2042 966 2072 B
986 2042 1022 2078 C,

195 2090 275 2120 sicut
291 2091 322 2120 A
340 2090 366 2121 C
382 2089 421 2120 ad
439 2089 470 2120 A
487 2090 516 2120 B
533 2101 541 2119 ι
559 2087 703 2118 velocitas
725 2091 832 2116 autem
856 2084 891 2114 in
919 2083 957 2121 C,
980 2092 1026 2115 est

194 2132 236 2162 ad
249 2132 443 2163 velocitatem
456 2131 489 2161 in
506 2132 552 2167 H,
575 2131 609 2160 in
623 2128 742 2159 ratione
762 2125 979 2166 subduplicata

200 2174 361 2212 Ac‚*adA
373 2174 420 2211 H,
439 2175 498 2204 hoc
513 2180 566 2208 est,
590 2173 630 2202 ob
651 2170 831 2201 continuam
852 2169 1027 2209 analogiam

195 2222 352 2247 rectarum
377 2218 408 2247 A
427 2217 464 2254 C,
491 2216 522 2247 A
546 2216 585 2251 B,
611 2214 641 2244 A
661 2213 706 2248 H,
730 2212 764 2241 in
792 2211 911 2241 ratione
936 2212 965 2241 A
996 2211 1031 2246 C,

195 2258 236 2289 ad
253 2259 283 2289 A
302 2260 348 2297 B;
375 2269 469 2299 quare
490 2258 634 2289 velocitas
655 2255 690 2284 in
706 2255 745 2289 B,
763 2260 809 2284 est
831 2253 871 2283 ad
885 2252 1029 2283 velocita-

195 2307 259 2331 tem
274 2301 308 2331 in
325 2301 370 2337 H,
395 2309 432 2332 ut
451 2300 595 2331 velocitas
619 2298 654 2328 in
671 2297 706 2332 C,
729 2295 769 2326 ad
792 2295 922 2344 eandem
943 2295 1027 2344 velo..

196 2343 321 2374 citatem
341 2344 375 2374 in
398 2344 445 2379 H,
468 2342 607 2384 adeoque
627 2339 770 2371 velocitas
791 2348 825 2368 m
842 2338 878 2374 C,
903 2337 1029 2378 aequalis

196 2392 242 2416 est
255 2386 409 2417 velocitati
417 2386 457 2416 in'
468 2386 508 2416 B.
671 2408 674 2410 »

240 2432 290 2459 82.
319 2430 423 2460 Coroll.
448 2431 477 2460 7.
498 2428 637 2467 Tempus
651 2427 705 2458 de-

197 2470 322 2501 scensus
335 2481 389 2510 per
403 2470 532 2501 chordas
546 2470 697 2511 quaslibet

199 2514 230 2543 A
259 2514 304 2549 H,
332 2513 368 2544 H
400 2514 439 2549 B,
474 2513 581 2544 circuli
609 2514 698 2554 cujus

196 2554 352 2592 diameter,
379 2557 406 2586 A
433 2555 472 2591 B,
496 2561 542 2586 est
555 2555 595 2586 ad
614 2555 698 2585 hori-

197 2604 319 2628 zontem
348 2597 618 2638 perpendicularis,
655 2608 698 2627 εε-

197 2640 287 2680 quale
311 2647 357 2671 est
379 2640 510 2679 tempori
534 2639 698 2670 descensus

197 2691 252 2720 per
274 2689 370 2713 totam
393 2683 581 2713 diametrum
604 2681 636 2712 A
660 2683 696 2716 B,
730 2718 737 2721 .
763 2714 767 2718 ,

198 2733 233 2753 ac
247 2724 377 2762 proinde
387 2731 526 2764 tempora
535 2723 699 2755 descensus
716 2700 768 2760 II}

197 2775 253 2803 per
261 2776 367 2797 omnes
376 2767 504 2798 chordas
512 2773 586 2798 sunt
597 2776 699 2807 aequa-

198 2807 254 2843 lia;
285 2809 367 2839 Cum
390 2810 474 2840 enim
502 2808 637 2851 angulus

179 2863 181 2871 ι
199 2847 322 2886 ΑΗΒ,
330 2851 364 2881 in
382 2851 575 2883 semicirculo
599 2858 700 2882 rectus

198 2891 246 2927 sit,
290 2899 413 2931 tempus
448 2891 611 2925 descensus
645 2904 700 2934 per
763 2887 770 2930 ξ

202 2935 234 2964 A
252 2934 295 2971 H,
314 2934 431 2975 aequale
441 2941 487 2966 est
501 2935 630 2975 tempori
645 2937 699 2968 de·

198 2976 323 3007 scensas
350 2986 404 3016 per
435 2978 466 3007 A
498 2978 537 3014 B,
563 2981 645 3019 (78),
668 2986 700 3010 et

198 3017 293 3049 ducta
309 3019 345 3049 H
373 3019 409 3052 C.
433 3019 583 3050 diametro
606 3022 638 3052 A
657 3023 696 3058 B,
765 3046 771 3053 .
824 3038 837 3052 .-

198 3061 309 3101 aequali
323 3067 354 3092 et
367 3061 511 3100 parallel&
529 3063 699 3105 junctaque

199 3103 273 3139 CB.
290 3103 347 3134 erit
357 3104 396 3134 ob
410 3104 561 3147 angulum
573 3106 607 3136 H
622 3108 649 3137 B
662 3107 697 3143 C,
722 3094 786 3138 Ci'

1066 727 1101 758 H
1121 727 1156 762 C,
1180 737 1234 757 seu
1250 737 1304 766 per
1321 726 1352 758 A
1378 727 1417 757 Β.
1462 734 1465 737 ’

1106 773 1159 799 85.
1186 769 1218 799 Si
1243 779 1354 808 corpus
1376 768 1410 798 in
1431 768 1525 800 curva
1546 767 1677 800 immota
1701 768 1828 807 incedit,
1850 770 1898 801 vis

1065 811 1128 853 qufi
1141 811 1266 852 singula
1279 821 1381 841 curvae
1402 817 1518 850 puncta
1531 811 1651 851 premit,
1675 821 1749 842 cum
1763 812 1794 842 vi
1808 812 1897 843 finita

1066 854 1128 895 qua
1152 854 1294 884 movetur
1315 862 1426 892 corpus
1449 859 1631 892 comparata,
1653 854 1753 895 major
1774 863 1839 885 non
1853 861 1898 886 est

1066 896 1237 938 quantitate
1265 895 1464 926 infinitesima
1492 895 1587 935 primi<
1604 895 1740 934 ordinis3
1768 896 1814 927 vis
1842 907 1898 928 seu

1068 939 1206 970 celeritas
1220 948 1314 979 quam
1328 938 1362 968 in
1377 937 1507 978 singulis
1521 947 1622 968 curvae
1635 939 1759 977 punctis
1771 939 1897 978 amittit,

1069 981 1168 1011 ma'or
1190 991 1254 1011 non
1277 986 1322 1011 est
1346 980 1516 1020 quantitate
1544 979 1741 1010 infinitesima
1770 981 1899 1012 secundi

1070 992 1199 1061 ordini&
1223 1022 1349 1054 tandem
1373 1023 1419 1052 vis
1446 1032 1502 1052 seu
1529 1022 1667 1053 celeritas
1694 1032 1749 1061 per
1773 1022 1900 1054 finitum

1070 1076 1172 1097 curvae
1197 1075 1303 1096 arcum
1328 1065 1438 1095 amissa
1459 1065 1558 1106 major
1579 1074 1643 1094 non
1664 1070 1710 1095 est
1729 1065 1901 1105 quantitate

1071 1107 1271 1139 infinitesima
1292 1107 1384 1146 primi
1409 1106 1533 1143 ordinis,
1560 1106 1699 1147 adeoque
1726 1116 1838 1146 corpus
1865 1107 1900 1138 in

1073 1149 1166 1181 curva
1186 1149 1381 1190 progreditur
1406 1148 1514 1180 eisdem
1538 1149 1693 1180 celeritate
1715 1148 1804 1181 finita
1823 1159 1859 1181 ac
1873 1149 1898 1181 si

1074 1192 1151 1224 nihil
1165 1191 1293 1224 omnino
1306 1192 1418 1222 virium
1432 1191 1585 1222 amitteret
1599 1213 1607 1222 .
1625 1213 1634 1223 .
1650 1213 1658 1222 .
1677 1213 1686 1221 .

1069 1707 1317 1739 Dem.—Curva
1347 1708 1501 1749 quaelibet,
1524 1715 1577 1740 ut·
1592 1714 1703 1739 notum
1731 1712 1786 1744 est,
1824 1716 1898 1737 con-

1069 1748 1194 1780 siderari
1214 1756 1316 1789 potest
1336 1757 1484 1792 tanquam
1505 1752 1696 1792 polygonum
1716 1750 1746 1780 A
1763 1750 1791 1779 B
1809 1749 1836 1780 C
1854 1749 1898 1785 D,

1070 1801 1108 1821 ex
1133 1792 1304 1823 innumeris
1318 1799 1411 1834 atque
1424 1794 1632 1824 infinitesimis
1646 1792 1794 1823 lateribus
1809 1791 1900 1822 rectis

1071 1833 1102 1863 A
1128 1835 1166 1870 B,
1193 1833 1222 1866 B
1251 1835 1290 1873 C,
1315 1836 1342 1867 C
1371 1837 1413 1872 D,
1437 1836 1652 1875 compositum,
1674 1844 1808 1875 quorum
1836 1833 1901 1863 duo

1068 1877 1184 1916 quaevis
1200 1876 1229 1908 B
1248 1877 1283 1914 C,
1310 1878 1336 1909 C
1354 1878 1396 1914 D,
1423 1879 1573 1920 angulum
1596 1876 1863 1917 comprehendunt
1881 1886 1902 1906 a

1069 1917 1191 1950 duobus
1214 1920 1338 1961 angulis
1359 1922 1459 1959 rectis,
1491 1920 1616 1951 nonnisi
1643 1919 1814 1961 quantitate
1828 1917 1901 1948 infl-

1072 1961 1214 1992 nitesima
1243 1961 1449 2001 deficientem,
1485 1964 1529 1994 ita
1563 1970 1600 1994 ut
1628 1962 1778 2002 producto
1806 1960 1902 1991 latere

1075 2003 1101 2033 C
1120 2004 1162 2040 D,
1185 2004 1219 2034 in
1235 2004 1274 2041 E,
1297 2005 1432 2047 angulus
1453 2012 1598 2037 externus
1618 2007 1646 2036 B
1663 2006 1689 2036 C
1707 2004 1747 2041 E,
1769 2003 1809 2034 sit
1829 2002 1900 2033 infi-

1067 2045 1236 2077 nitesimus.
1287 2048 1402 2079 Centro
1427 2049 1461 2085 C,
1485 2055 1516 2079 et
1536 2048 1623 2079 radio
1641 2048 1667 2079 C
1686 2047 1725 2083 B,
1748 2045 1902 2076 describa-

1068 2093 1120 2118 tur
1143 2089 1353 2121 semicirculus
1375 2091 1405 2121 E
1423 2092 1452 2122 B
1471 2091 1502 2122 G
1518 2091 1558 2127 L,
1582 2101 1620 2121 ex
1642 2095 1759 2130 puncto
1781 2089 1808 2119 B
1829 2086 1903 2119 vei-6

1070 2130 1248 2163 demittatur
1262 2133 1295 2163 in
1304 2139 1418 2163 rectam
1435 2134 1465 2164 E
1479 2134 1521 2169 D,
1538 2130 1798 2173 perpendicularis
1814 2130 1843 2161 B
1855 2130 1903 2166 K,

1070 2179 1101 2204 et
1115 2174 1268 2213 completo
1282 2175 1463 2216 rectangulo
1479 2176 1514 2206 K
1532 2176 1570 2213 F,
1591 2181 1695 2206 motus
1709 2172 1902 2215 corporisleu

1074 2221 1139 2246 tere
1165 2217 1194 2247 Β
1213 2218 1248 2254 C,
1272 2218 1435 2257 expositus,
1459 2218 1493 2248 in
1517 2218 1607 2249 binos
1624 2217 1652 2249 B
1671 2217 1716 2255 K,
1740 2217 1770 2247 B
1788 2215 1822 2259 F,
1845 2224 1902 2246 ⁸²¹²

1074 2258 1108 2288 K
1127 2259 1162 2294 C,
1185 2260 1346 2291 resolvitur
1370 2260 1502 2302 (Coroll.
1523 2264 1550 2291 1.
1569 2259 1689 2298 Newt.)
1735 2258 1799 2289 His
1818 2256 1902 2297 posi-

1069 2301 1110 2331 tis
1123 2302 1324 2333 manifestum
1338 2311 1384 2333 est
1415 2303 1470 2343 51)
1486 2303 1549 2334 vim
1570 2313 1625 2333 seu
1640 2300 1824 2333 celeritatem
1839 2299 1902 2340 qui

1072 2352 1184 2383 corpus
1197 2344 1232 2374 in
1245 2345 1327 2376 latus
1351 2346 1377 2376 C
1429 2367 1438 2381 ,
1460 2345 1600 2379 incurrit,
1622 2342 1762 2383 illudque
1787 2342 1902 2382 premit

1073 2396 1128 2416 seu
1151 2387 1293 2426 percutit,
1315 2386 1559 2427 perpendiculari
1584 2386 1612 2417 F
1639 2386 1675 2421 C,
1707 2385 1770 2416 sive
1800 2385 1830 2416 B
1855 2383 1900 2421 K,

1072 2430 1295 2468 repraesentari3
1321 2429 1507 2460 celeritatem
1533 2434 1603 2468 post
1630 2428 1737 2463 ictum,
1786 2436 1902 2467 suppo-

1074 2471 1177 2502 nendo
1191 2479 1317 2510 corpora
1327 2481 1392 2502 esse
1406 2471 1531 2502 elaterio
1542 2470 1702 2510 destituta)
1715 2475 1797 2500 recta
1810 2468 1844 2500 K
1861 2469 1899 2505 C,

1074 2523 1128 2543 seu
1156 2514 1182 2544 C
1200 2514 1245 2548 H,
1269 2513 1412 2550 exhiberi,
1435 2520 1467 2544 et
1491 2513 1679 2544 celeritatem
1704 2522 1742 2543 ex
1762 2512 1903 2553 impactu

1073 2555 1107 2584 in
1124 2556 1160 2591 C,
1186 2554 1330 2585 amissam
1350 2555 1433 2586 recta
1458 2556 1487 2586 E
1506 2556 1549 2592 K,
1573 2555 1695 2595 exponi,
1718 2564 1791 2585 cum
1807 2554 1837 2585 E
1855 2553 1900 2590 K,
1923 2574 1926 2575 ν

1074 2597 1113 2627 sit
1127 2597 1297 2628 differentia
1311 2604 1463 2628 rectarum
1479 2599 1506 2629 B
1525 2599 1559 2635 C,
1579 2598 1613 2629 K
1631 2598 1657 2629 C
1667 2610 1677 2636 ;
1699 2598 1757 2627 hoc
1771 2602 1825 2632 est,
1850 2606 1902 2627 ce-

1073 2638 1228 2670 leritatum
1242 2646 1314 2670 ante
1328 2646 1359 2670 ct
1373 2647 1441 2679 post
1454 2641 1633 2680 impactum.
1677 2638 1787 2671 Jamsi
1800 2648 1901 2679 angu-

1073 2680 1123 2711 lus
1140 2682 1168 2712 B
1186 2682 1212 2713 C
1230 2682 1273 2719 K,
1295 2682 1392 2714 finitae
1412 2682 1589 2723 quantitatis
1603 2688 1688 2718 esset,
1712 2686 1795 2712 :ecta
1810 2681 1840 2712 B
1856 2679 1899 2717 K,

1074 2723 1196 2754 finitam
1209 2725 1333 2755 haberet
1353 2724 1393 2755 ad
1415 2731 1512 2756 rectas
1526 2726 1554 2755 B
1572 2725 1607 2760 C,
1631 2724 1663 2754 K
1682 2724 1718 2759 C,
1742 2723 1901 2759 rationem,

1075 2776 1145 2806 quae
1160 2766 1352 2798 decrescente
1373 2767 1489 2808 angulo
1512 2767 1541 2798 B
1559 2767 1585 2797 C
1603 2766 1646 2802 K,
1663 2775 1783 2805 semper
1796 2765 1902 2795 minu-

1074 2807 1138 2838 itur
1159 2807 1297 2849 adeoque
1321 2806 1517 2840 infinitesima
1538 2808 1646 2844 evadit,
1669 2807 1745 2838 dum
1766 2807 1903 2848 angulus

1078 2851 1107 2882 B
1124 2846 1153 2889 C
1171 2851 1204 2882 K
1219 2857 1265 2882 est
1285 2851 1515 2889 infinitesimus3
1538 2858 1583 2881 est
1606 2850 1703 2891 igitur
1726 2850 1755 2882 B
1781 2850 1824 2887 K,
1845 2859 1903 2881 seu

1074 2893 1122 2924 ¹vis
1136 2892 1198 2933 qufi
1219 2903 1329 2933 corpus
1353 2903 1478 2924 curvam
1501 2892 1614 2932 premit
1637 2892 1671 2922 in
1688 2893 1723 2928 C,
1748 2892 1903 2933 quantitas

1077 2946 1141 2967 non
1165 2935 1265 2977 major
1288 2935 1486 2966 infinitesimii
1507 2935 1598 2975 primi
1626 2932 1760 2972 ordinis3
1794 2933 1902 2965 verum

1078 2978 1203 3019 quiain
1225 2977 1341 3008 circulo
1368 2978 1398 3008 E
1424 2977 1532 3008 14:13
1558 2977 1696 3008 K=B
1726 2978 1783 3008 K:
1804 2976 1839 3008 K
1861 2977 1900 3014 L,

1076 3019 1135 3051 erit
1150 3020 1179 3050 Ε
1198 3020 1240 3055 Κ,
1285 3019 1417 3051 uantitas
1437 3019 1634 3050 infinitaeima
1655 3027 1792 3060 respectu
1810 3019 1838 3050 B
1856 3018 1900 3055 K,

1075 3061 1240 3104 quemadm
1282 3073 1345 3098 um,
1368 3071 1406 3092 ex
1434 3061 1649 3093 demonstratis
1679 3062 1708 3092 B
1733 3062 1775 3098 K,
1797 3059 1902 3091 infini-

1075 3105 1183 3137 tesima
1207 3111 1253 3135 est
1277 3111 1416 3146 respectu
1441 3105 1469 3136 B
1499 3104 1535 3141 C,
1557 3110 1612 3136 aut
1644 3104 1677 3135 K
1701 3104 1738 3143 C,
1762 3102 1902 3147 ndecque
