2086 3542
223 265 275 300 38
658 267 1108 313 PHILOSOPHIAE
1138 262 1504 310 NATURALIS
1606 260 1804 311 [AXIOM.
1828 273 1924 303 ειη

223 366 468 422 Exponatur
493 369 618 426 igitur
642 369 733 411 haec
753 369 943 411 velocitas
976 381 1052 422 per
1085 364 1284 407 chordam
1318 366 1437 409 arcus
1458 367 1501 410 T
1531 367 1586 409 A.
1647 368 1758 410 Nam
1776 368 1927 411 veloci-

222 445 348 479 tatem
366 438 536 493 penduli
555 440 598 480 in
617 447 772 495 puncto
791 439 934 479 infimo
954 451 1040 478 esse
1059 443 1106 476 ut
1125 434 1323 478 chordam
1338 436 1471 489 arctis,
1485 422 1626 494 ‘quem
1647 438 1834 480 cadendo
1852 439 1927 482 de—

223 507 393 562 scripsit,
414 509 640 564 propositio
660 517 720 550 est
738 524 906 565 geome-
926 516 960 557 1⁸]
1015 515 1056 557 G
1324 508 1327 511 ’
1358 516 1389 554 C
1458 518 1501 562 D
1801 519 1839 563 F
1874 521 1920 567 'fl

223 577 296 618 tris
325 578 548 619 notissima.
609 578 711 619 Post
741 578 903 619 reflexi-

223 661 345 688 onem
364 647 575 701 perveniat
604 662 752 702 corpus
787 647 828 688 A
849 646 902 687 ad

222 715 363 767 locum*
388 731 420 766 s,
455 724 497 758 et
516 731 664 771 corpus
701 716 739 756 B
759 715 812 756 ad
841 715 903 755 lo-
923 709 925 713 ⁸

223 799 318 825 cum
337 785 378 826 k.
439 785 628 826 Tollatur
643 799 791 839 corpus
809 784 846 825 B
863 791 903 825 et

223 853 456 895 inveniatur
482 853 596 894 locus
623 868 649 893 v
669 869 680 903 ;
711 868 737 894 a
767 867 849 908 quo
870 854 904 894 si

227 936 375 977 corpus
407 923 447 963 A
468 922 705 963 demittatur
736 930 777 963 et
809 930 905 977 post

224 1003 350 1032 unam
376 991 671 1033 oscillationem
690 991 832 1032 redeat
859 991 913 1032 ad
955 985 959 991 ⁴

223 1060 360 1102 locum
379 1076 412 1112 r,
435 1062 482 1103 fit
501 1077 520 1102 s
539 1069 557 1102 t
574 1076 669 1116 pars
689 1068 835 1117 quarta
853 1061 978 1116 ipsius
997 1077 1018 1103 r
1038 1077 1064 1103 v
1084 1063 1158 1104 sita
1173 1063 1215 1104 in
1235 1063 1386 1114 medio,
1419 1064 1477 1105 ita
1496 1063 1685 1106 videlicet
1703 1071 1750 1106 ut
1767 1078 1789 1105 r
1809 1079 1828 1106 s
1847 1070 1889 1106 et

220 1139 236 1172 t
249 1146 275 1172 v
289 1138 519 1186 aequentur3
536 1137 577 1170 et
588 1142 664 1183 per
679 1131 878 1172 chordam
897 1132 1015 1173 arcus
1034 1140 1052 1173 t
1077 1134 1112 1173 A
1140 1142 1373 1188 exponatur
1403 1134 1608 1186 velocitas,
1631 1149 1756 1191 quam
1776 1148 1926 1190 corpus

225 1202 266 1242 A
285 1202 476 1255 proxime
494 1209 588 1256 post
602 1202 866 1242 reflexionem
879 1201 1025 1243 habuit
1044 1203 1086 1243 in
1107 1203 1198 1244 loco
1214 1205 1266 1245 A.
1299 1205 1346 1259 (⁰)
1368 1205 1479 1246 Nam
1499 1212 1516 1245 t
1542 1205 1620 1246 erit
1640 1205 1754 1246 locus
1773 1205 1843 1246 ille
1860 1218 1928 1244 ve-

224 1286 293 1312 rus
313 1279 353 1312 et
373 1279 590 1322 correctus,
613 1271 666 1312 ad
679 1286 800 1327 quem
813 1286 961 1326 corpus
983 1273 1036 1322 A,
1059 1273 1215 1314 sublata
1236 1274 1340 1315 aeris
1360 1274 1597 1326 resistentia,
1619 1275 1841 1317 ascendere
1855 1273 1928 1315 de·

223 1342 387 1384 buisset.
449 1342 580 1384 Simili
600 1341 796 1383 methodo
816 1342 1083 1399 corrigendus
1103 1343 1180 1383 erit
1198 1343 1312 1384 locus
1326 1344 1368 1394 k,
1391 1344 1444 1385 ad
1465 1359 1587 1400 quem
1614 1359 1763 1400 corpus
1784 1345 1831 1386 B*
1861 1358 1924 1385 as-

224 1413 372 1463 cendit,
394 1419 435 1454 et
453 1411 720 1453 inveniendus
735 1412 849 1454 locus
869 1412 897 1463 l,
919 1412 973 1454 ad
994 1427 1116 1468 quem
1136 1427 1284 1468 eorpus
1299 1414 1401 1455 illud
1421 1414 1641 1456 ascendere
1655 1405 1861 1455 debuisset
1878 1413 1924 1456 in

223 1497 365 1524 vacuo.
426 1483 529 1524 Hoc
547 1489 669 1537 pacto
690 1482 870 1536 experiri
888 1482 984 1524 licet
1003 1483 1153 1532 omnia,
1182 1483 1354 1537 perinde
1374 1499 1421 1525 ac
1440 1484 1474 1524 si
1499 1484 1543 1525 in
1562 1499 1692 1527 vacuo
1718 1482 1926 1525 constituti

224 1568 411 1611 essemus.
471 1553 662 1595 Tandem
687 1552 921 1594 ducendum
947 1552 1025 1594 erit
1051 1567 1202 1607 corpus
1225 1554 1265 1595 A
1298 1557 1362 1609 (ut
1375 1554 1432 1595 ita
1465 1554 1618 1607 dicam)
1649 1554 1693 1594 in
1725 1553 1925 1595 chordam

225 1623 342 1665 arcfis
364 1623 405 1665 T
426 1623 479 1674 A,
501 1638 594 1679 quae
614 1622 868 1665 velocitatem
889 1623 974 1678 ejus
993 1621 1172 1674 exhibet,
1194 1630 1240 1664 ut
1254 1622 1454 1666 habeatur
1464 1632 1598 1665 motus
1618 1625 1703 1679 ejus
1722 1624 1766 1664 in
1780 1623 1872 1664 loco
1885 1624 1927 1665 A

223 1692 412 1749 proxime
432 1701 526 1735 ante
545 1694 828 1743 reflexionem3
858 1693 1008 1735 deinde
1027 1692 1070 1733 in
1083 1692 1280 1736 chordam
1301 1694 1419 1735 arcus
1440 1702 1456 1735 t
1477 1695 1531 1745 A,
1553 1702 1600 1735 ut
1618 1694 1817 1747 habeatur
1836 1708 1928 1734 mo-

225 1772 290 1806 tus
310 1766 394 1820 ejus
413 1765 457 1804 in
476 1764 568 1805 loco
589 1765 630 1805 A
644 1764 834 1819 proxime
852 1771 947 1819 post
964 1764 1240 1805 reflexionem.
1302 1765 1358 1805 Et
1384 1765 1440 1805 sic
1453 1779 1601 1819 corpus
1629 1764 1667 1806 B
1690 1754 1928 1805 ducendum

192 1852 195 1866 ¹
226 1835 304 1877 erit
322 1836 365 1875 in
385 1834 583 1875 chordam
602 1833 719 1875 arcfis
740 1834 778 1876 B
797 1834 825 1885 l,
846 1841 892 1874 ut
910 1833 1110 1875 habeatur
1136 1842 1270 1875 motus
1291 1835 1375 1889 ejus
1394 1833 1583 1889 proxime
1614 1841 1708 1889 post
1738 1833 1927 1875 reflexio-

224 1920 333 1948 nem.
393 1905 450 1946 Et
469 1905 590 1945 simili
609 1903 818 1955 methodo,
838 1904 910 1945 ubi
929 1919 1104 1959 corpora
1123 1905 1206 1946 duo
1235 1905 1354 1946 simul
1374 1904 1643 1947 demittuntur
1662 1904 1714 1945 de
1735 1903 1836 1945 locis
1864 1903 1927 1944 di-

224 1976 361 2026 versis,
382 1974 616 2016 inveniendi
642 1981 736 2015 sunt
754 1981 888 2015 motus
902 1975 1113 2031 utriusque
1131 1982 1217 2016 tam
1242 1983 1350 2025 ante,
1382 1989 1505 2031 quam
1523 1982 1617 2029 post
1643 1974 1927 2024 reflexionem3

225 2054 267 2089 et
284 2053 373 2087 tum
388 2045 554 2086 demum
568 2044 805 2086 conferendi
822 2051 918 2085 sunt
935 2052 1069 2085 motus
1089 2045 1195 2086 inter
1215 2060 1257 2087 se
1283 2054 1325 2086 et
1343 2044 1563 2102 colligendi
1582 2043 1748 2089 effectus
1767 2043 1928 2084 reflexi-

226 2117 327 2164 oniS.
388 2115 488 2157 Hoc
506 2115 632 2156 modo
657 2114 701 2155 in
726 2113 915 2169 pendulis
934 2114 1088 2169 pedum
1115 2114 1258 2156 decem
1277 2130 1365 2156 rem
1384 2114 1595 2165 tentando,
1628 2112 1753 2169 idque
1771 2113 1815 2154 in
1835 2127 1927 2154 cor-

225 2187 394 2245 poribus
413 2194 498 2228 tam
516 2186 785 2242 inaequalibus
812 2200 935 2241 quam
962 2172 1203 2241 aequalibus,
1232 2194 1273 2227 et
1297 2185 1486 2227 faciendo
1514 2193 1561 2226 ut
1585 2198 1760 2239 corpora
1784 2182 1837 2224 de
1862 2183 1926 2224 in-

226 2258 401 2301 tervallis
421 2257 688 2311 amplissimis,
710 2254 810 2311 puta
828 2255 981 2310 pedum
1002 2265 1095 2296 octo
1114 2256 1178 2297 vel
1193 2255 1411 2298 duodecim
1431 2255 1494 2297 vel
1515 2253 1733 2303 sexdecim,
1755 2267 1928 2294 concur-

226 2337 381 2380 rerent3
411 2328 546 2383 reperi
565 2341 725 2382 semper
745 2327 830 2367 sine
850 2341 989 2367 errore
1019 2327 1143 2367 trium
1156 2326 1378 2383 digitorum
1413 2326 1457 2367 in
1487 2323 1702 2374 mensuris,
1722 2322 1804 2363 ubi
1834 2336 1926 2364 cor—

227 2415 341 2445 tionem
355 2413 388 2443 in
403 2411 520 2451 duplici
534 2420 662 2442 ascensu
677 2415 708 2441 et
722 2409 886 2447 descensu;
908 2408 1002 2450 quare
1016 2415 1053 2440 ut
1094 2410 1226 2440 arcubus
1240 2403 1398 2447 descriptis
1410 2405 1661 2447 proportionales,
1678 2404 1736 2434 erit
1750 2413 1841 2434 arcus
1857 2405 1879 2436 S
1892 2406 1924 2437 A

226 2457 373 2488 habeatur
394 2454 490 2485 medii
513 2452 677 2484 retardatio
698 2453 733 2483 in
755 2462 820 2482 uno
848 2458 971 2482 tantum
999 2451 1053 2482 de-
1096 2451 1145 2493 (x)
1162 2451 1202 2481 ad
1226 2460 1333 2481 arcum
1358 2451 1389 2480 R
1406 2450 1435 2479 A
1455 2448 1506 2491 (1)
1521 2454 1558 2478 ut
1572 2446 1737 2477 retardatio
1751 2456 1840 2476 arcus
1857 2447 1879 2478 S
1895 2448 1927 2479 A

225 2509 343 2534 scensu,
369 2496 519 2534 sumenda
543 2502 589 2526 est
603 2501 711 2536 quarta
724 2504 794 2534 pars
807 2494 901 2524 totius
914 2493 1049 2524 retarda-
1091 2503 1162 2532 quae
1180 2492 1325 2523 statuitur
1347 2501 1412 2521 esse
1426 2492 1455 2526 b,
1478 2500 1534 2521 seu
1556 2495 1666 2530 quarta
1687 2498 1758 2527 pars
1779 2489 1878 2519 totius

226 2541 326 2576 tionis,
351 2539 384 2570 id
398 2545 443 2569 est
456 2544 564 2579 quarta
577 2547 647 2576 pars
661 2546 750 2567 arcus
767 2537 799 2567 R
814 2537 855 2572 V,
879 2535 1049 2566 dummodo
1100 2537 1132 2567 R
1145 2537 1185 2573 V,
1201 2535 1239 2565 ad
1254 2534 1485 2564 retardationem
1501 2533 1591 2572 primi
1603 2542 1690 2563 arcus
1704 2533 1736 2563 R
1751 2533 1777 2563 A
1789 2543 1859 2573 quae
1868 2533 1926 2565 erit

225 2583 277 2616 ille
291 2582 455 2614 descensus
469 2590 570 2622 neque
583 2589 622 2609 ex
635 2585 752 2618 puncto
766 2587 908 2617 supremo
933 2578 973 2613 R,
996 2587 1050 2607 ne·
1112 2584 1115 2588 ’
1196 2609 1198 2612 .

225 2636 285 2666 que
307 2635 345 2655 ex
359 2623 465 2654 infimo
482 2621 514 2653 V
527 2621 677 2652 ordiatur:
706 2630 779 2650 nam
801 2630 873 2650 cum
896 2619 996 2660 major
1016 2619 1056 2649 sit
1089 2641 1126 2682 Ε
1484 2634 1518 2677 C
1864 2637 1902 2685 F

226 2667 320 2697 medii
334 2665 496 2697 retardatio
509 2664 542 2694 in
557 2673 630 2694 areu
651 2662 760 2703 majori
774 2671 869 2702 quam
882 2661 915 2691 in
929 2661 1051 2696 minori,

226 2718 405 2748 semperque
423 2707 500 2737 fiant
520 2706 656 2735 minores
678 2714 767 2734 arcus
781 2714 800 2734 a
814 2702 950 2742 pendulo
963 2702 1053 2732 oscil-

225 2750 308 2780 lante
323 2749 476 2789 descripti,
496 2747 663 2788 inaequales
676 2755 799 2786 quoque
814 2751 905 2775 erunt
917 2744 1096 2799 munda-R

226 2792 325 2822 tiones
339 2794 371 2821 in
386 2791 517 2832 singulis
531 2790 671 2824 arcubus,
698 2794 730 2818 et
751 2787 914 2818 retardatio
927 2786 1054 2816 descen-

227 2844 279 2864 sus
303 2844 356 2873 per
382 2835 413 2864 R
439 2834 479 2870 A,
502 2833 601 2873 major
625 2829 683 2861 erit
710 2829 818 2870 quarta
845 2834 931 2868 parte
959 2828 1055 2858 totius
1082 2830 1107 2876 S

227 2875 438 2906 retardationis
464 2876 495 2906 R
511 2875 542 2905 V
557 2879 594 2904 ut
616 2871 779 2903 retardatio
794 2870 896 2902 ultimi
911 2880 1054 2900 ascensus

230 2918 261 2948 A
278 2919 315 2952 V,
330 2917 431 2946 minor
448 2917 505 2946 erit
518 2915 626 2956 quarta
635 2921 719 2955 parte
733 2913 827 2944 totius
841 2912 1053 2942 retardationis
1105 2912 1142 2951 T

231 2960 262 2990 R
279 2959 317 2989 V.
363 2959 437 2988 Hoc
459 2964 564 2988 autem
588 2964 644 2988 aut
668 2956 760 2987 simili
774 2954 894 2986 calculo
907 2954 1051 2984 determi-

227 3001 311 3031 navit
327 3001 499 3031 Ncwtonus
513 3004 664 3038 punc'tum
676 2999 697 3029 S
719 2998 780 3028 tale
794 3004 830 3028 ut
842 2995 1005 3027 retardatio
1019 2995 1053 3025 in

227 3043 374 3073 descensu
392 3051 447 3081 per
468 3042 489 3071 S
507 3042 536 3070 A
553 3041 591 3071 sit
604 3047 712 3080 quarta
725 3050 794 3079 pars
807 3039 901 3070 totius
914 3037 1049 3068 retarda-

227 3085 319 3116 tionis
337 3085 367 3115 R
384 3083 425 3114 V.
444 3083 576 3114 Dicatur
589 3093 677 3112 arcus
695 3083 726 3113 R
743 3084 783 3117 A,
802 3086 828 3117 1,
851 3090 939 3111 arcus
957 3080 987 3110 R.
1003 3080 1045 3114 V,

228 3131 245 3159 4
260 3129 289 3162 b,
308 3136 395 3158 arcus
409 3124 553 3167 quaesitus
572 3124 591 3153 S
601 3126 682 3163 A,x;
698 3125 819 3165 sintque
830 3122 1049 3154 retardationes
1535 3097 1588 3144 A
