2086 3542
101 270 250 313 mez
273 270 488 323 Patmos]
549 269 872 313 PRINCIPIA
903 264 1400 314 MATHEMATICA.
1723 273 1803 317 417

98 387 322 429 Cartesius.
382 386 573 442 Namque
592 386 728 428 lucem
748 385 974 429 successive
992 386 1217 443 propagari
1247 394 1290 429 et
1323 387 1458 442 spatio
1490 386 1608 443 quasi
1642 395 1801 442 septem

94 458 160 500 vel
180 466 275 499 octo
302 457 557 499 minutorum
587 457 817 512 primorum
837 473 863 499 a
881 457 968 500 sole
992 456 1049 499 ad
1082 465 1235 499 terram
1273 457 1421 509 venire,
1453 457 1506 513 (¹¹)
1521 458 1608 513 jam
1643 465 1806 500 constat

90 544 167 585 per
185 529 463 585 phaenomena
484 528 706 571 satellitum
725 529 854 581 Jovis,
876 526 1230 572 observationibus
1260 529 1516 571 diversorum
1545 538 1803 572 astronomo-

91 616 186 643 rum
206 601 461 642 confirmata.
525 600 652 643 Radii
671 609 807 642 autem
828 601 871 642 in
892 603 987 643 a'ete
1014 601 1235 643 existentes
1266 599 1346 656 (uti
1365 599 1524 642 dudum
1545 601 1801 652 Grimaldus,

90 672 184 714 luce
202 686 279 727 per
297 671 485 722 foramen
504 672 549 713 in
567 672 834 714 tenebrosum
854 672 1090 713 cubiculum
1110 670 1303 722 admissa,
1333 670 1503 722 invenit,
1535 680 1576 714 et
1594 672 1683 728 ipse
1702 687 1802 728 quo·

90 759 171 801 que
191 751 387 799 expertus
407 743 516 797 sum)
537 744 582 785 in
601 743 776 786 transitu
796 759 872 786 suo
890 759 1027 800 prope
1053 741 1275 800 corporum
1294 745 1361 787 vel
1379 759 1605 801 opacorum
1624 745 1690 787 vel
1708 759 1804 800 per-

91 817 328 872 spicuorum
347 817 521 875 angulos
543 817 700 873 (quales
721 825 818 859 sunt
836 816 1102 859 nummorum
1122 833 1177 860 ex
1195 833 1311 870 auro,
1328 825 1502 876 argento
1521 826 1563 859 et
1582 831 1665 858 aere
1685 832 1804 859 cuso-

87 902 183 929 rum
203 888 368 930 termini
387 887 618 945 rectanguli
638 887 871 938 circulares,
893 894 936 929 et
954 887 1194 940 cultrorum,
1216 888 1402 945 lapidum
1422 896 1494 931 aut
1507 887 1731 930 stactomm
1744 888 1805 929 vi-

87 967 246 1001 trorum
269 959 393 1013 acies)
415 959 685 1001 incurvantur
705 959 860 1000 circum
880 973 1068 1015 corpora,
1100 961 1218 1016 quasi
1247 962 1409 1004 attracti
1424 962 1467 1003 in
1488 961 1658 1011 eadem
1689 968 1731 1002 et
1751 974 1803 1002 ex

87 1030 153 1072 his
176 1030 316 1081 radiis,
339 1030 411 1086 qui
429 1030 473 1071 in
493 1030 669 1072 transitu
698 1029 770 1070 illo
802 1030 975 1085 propius
1006 1030 1210 1073 accedunt
1243 1032 1297 1073 ad
1331 1047 1507 1088 corpora
1536 1031 1804 1072 incurvantur

86 1101 231 1159 magis,
264 1102 317 1156 (¹)
339 1102 456 1157 quasi
474 1102 606 1159 magis
636 1101 810 1153 attracti,
844 1110 892 1143 ut
925 1102 1012 1158 ipse
1046 1103 1171 1145 etiam
1202 1104 1422 1162 diligenter
1453 1104 1682 1147 observavi.
1745 1103 1803 1145 Et

86 1175 157 1230 qui
185 1181 402 1215 transeunt
430 1173 484 1215 ad
514 1175 691 1230 majores
722 1174 936 1216 distantias
965 1175 1101 1218 minus
1130 1177 1421 1228 incurvantur3
1452 1186 1495 1220 et
1513 1177 1569 1219 ad
1587 1175 1802 1219 distantias

85 1246 223 1289 adhuc
243 1248 418 1302 majores
439 1247 708 1289 incurvantur
727 1247 1028 1304 aliquantulum
1043 1249 1098 1291 ad
1115 1257 1255 1306 partes
1275 1251 1517 1303 contrarias,
1547 1258 1590 1294 et
1617 1258 1702 1293 tres
1731 1263 1802 1291 co-

84 1319 219 1360 lorum
231 1318 376 1360 fascias
392 1318 622 1361 efformant.
668 1319 721 1361 In
734 1318 843 1376 figu-

65 1404 130 1448 yra
149 1388 341 1446 designat
359 1404 379 1430 s
399 1389 528 1430 aciem
548 1388 669 1431 cultri
687 1389 753 1431 vel
774 1404 846 1432 cu-

82 1460 153 1502 nei
172 1460 349 1516 cujusvis
371 1461 447 1502 As
470 1460 532 1511 B;
563 1469 843 1520 etgowog,

82 1530 293 1582 fnunf,
314 1531 847 1583 emtme,dlsldsunt

82 1605 201 1656 radii,
223 1605 401 1647 arcubus
421 1620 448 1647 o
466 1622 504 1648 w
523 1621 562 1657 o,
583 1621 626 1647 m
645 1614 664 1649 t
681 1621 738 1657 m,
754 1605 771 1648 l
791 1621 810 1648 s
829 1606 846 1649 l

81 1694 222 1721 versus
253 1680 433 1722 cultrum
461 1681 688 1731 incurvati3
718 1680 846 1738 idque

81 1750 213 1808 magis
233 1751 299 1793 vel
321 1752 457 1794 minus
476 1767 555 1808 pro
570 1753 845 1795 distantiaeo-
884 1750 887 1753 “

81 1837 174 1864 rum
196 1838 222 1864 a
240 1823 386 1866 cultro.
448 1825 556 1867 Cum
586 1833 725 1874 autem
753 1826 846 1869 talis

80 1894 312 1936 incurvatio
331 1894 543 1937 radiorum
571 1895 647 1937 fiat
680 1896 725 1937 in
753 1898 849 1939 aere

81 1974 204 2009 extra
243 1966 435 2018 cultrum,
477 1966 688 2009 debebunt
725 1968 849 2010 etiam

81 2040 200 2091 radii,
224 2040 296 2097 qui
315 2040 506 2082 incidunt
524 2040 569 2081 in
590 2040 782 2092 cultrum,
804 2041 920 2096 prius
939 2040 1147 2082 incurvari
1180 2040 1225 2082 in
1252 2041 1350 2084 aere
1378 2055 1503 2097 quam
1532 2042 1713 2086 cultrum
1741 2052 1803 2087 at·

80 2110 260 2169 tingunt.
325 2111 382 2153 Et
400 2125 478 2166 par
498 2118 563 2153 est
581 2111 688 2153 ratio
706 2111 979 2153 incidentium
999 2110 1043 2151 in
1062 2110 1228 2152 vitrum.
1288 2110 1340 2167 (²)
1372 2111 1442 2153 Fit
1454 2112 1582 2169 igitur
1595 2113 1802 2167 rest-actio,

81 2183 168 2234 non
188 2182 232 2223 in
251 2189 410 2238 puncto
429 2181 683 2233 incidentiae,
707 2182 779 2224 sed
799 2181 996 2238 paulatim
1016 2196 1094 2237 per
1119 2181 1356 2224 continuam
1384 2182 1710 2226 incurvationem
1737 2200 1805 2228 ra-

957 1701 983 1722 ,·”
953 1644 978 1660 ‚3
958 1596 981 1616 ,f
966 1556 983 1570 .-

986 1723 1005 1739 ι’
981 1661 999 1674 ”
984 1616 1003 1631 ι’
989 1573 1005 1585 .“

1008 1740 1029 1756 Ι’
1004 1675 1023 1689 ’.
1006 1631 1024 1644 '⁰
1023 1596 1030 1601 -
1010 1586 1018 1593 ⁶

1031 1757 1051 1772 ἰ
1027 1691 1047 1706 ,’
1026 1645 1045 1659 ,’
1033 1602 1042 1609 ο

1051 1708 1060 1715 ι
1048 1659 1057 1667 ¹
1045 1610 1053 1618 ⁶

125 2342 158 2368 ta
304 2347 344 2367 ue
374 2346 440 2367 esse
463 2336 613 2367 rationem
642 2335 795 2367 linearum
815 2336 849 2367 >C
877 2335 924 2372 H.

317 2385 391 2410 sunt
418 2379 504 2409 sinus
532 2379 719 2419 angulorum
748 2379 925 2409 incidentiae

310 2421 508 2462 emergentiae
533 2422 569 2460 B
588 2422 615 2452 F
631 2422 661 2452 E
689 2421 791 2463 (558).
841 2421 926 2451 Nam

402 2464 517 2495 CH:
551 2465 635 2494 ΛΗ
664 2465 788 2505 (seuB
816 2463 868 2502 H)
894 2469 927 2494 et

530 2519 578 2536 =
603 2507 638 2537 H
657 2507 690 2537 D
711 2508 781 2547 (seu
798 2506 827 2537 B
845 2506 896 2546 H)
914 2518 922 2536 ι

176 2552 402 2589 ‚etexaequ‚
521 2548 922 2580 :GH=CH:HE.

970 2334 1163 2366 instantaneus
1176 2345 1240 2365 non
1254 2340 1311 2372 est,
1326 2334 1380 2366 sed
1394 2335 1572 2373 successiva,
1595 2342 1628 2368 et
1647 2347 1703 2377 per
1722 2338 1805 2370 orbis

970 2378 1077 2419 magni
1086 2378 1272 2408 dlametrum
1281 2377 1417 2408 sensibili
1428 2378 1532 2418 aliquo
1540 2385 1678 2419 tempore
1687 2380 1804 2412 diffun—

967 2420 1067 2456 datur,
1084 2430 1208 2451 necesse
1221 2426 1268 2450 est
1281 2427 1318 2450 ut
1332 2420 1470 2451 satellitis
1484 2421 1632 2461 ecclipsis,
1647 2433 1718 2463 quae
1728 2433 1804 2454 con-

968 2463 1062 2503 tingit
1075 2462 1152 2493 dum
1165 2462 1255 2494 Jovis
1267 2464 1410 2493 umbram
1425 2463 1518 2500 subit,
1538 2464 1656 2495 tardius
1675 2476 1697 2496 a
1716 2466 1805 2498 nobis

969 2505 1109 2536 videatur
1122 2505 1156 2535 in
1170 2504 1279 2545 majori
1293 2499 1347 2536 ina
1367 2505 1458 2536 Jovis
1477 2504 1633 2544 distantia,
1659 2507 1751 2539 citius
1770 2508 1803 2539 in

969 2547 1091 2583 minori,
1106 2546 1198 2587 atque
1218 2545 1263 2578 ita
1276 2557 1342 2578 rem
1363 2558 1396 2578 se
1416 2548 1529 2579 habere
1545 2549 1719 2581 Roemerus
1736 2551 1804 2582 alii-

218 2346 302 2377 qum]

217 2389 258 2419 qu

184 2422 231 2458 Η,

187 2476 194 2495 :
217 2464 248 2494 G

196 2519 204 2537 ι
227 2506 254 2536 F

157 2346 192 2410 ΜΞ

261 2390 288 2409 ae

256 2427 288 2452 et

266 2464 300 2494 H

82 2336 126 2580 ammom?

134 2423 178 2537 mm&

339 2517 371 2537 se

272 2507 337 2548 H<
372 2507 510 2580 εἷπε)

144 2549 174 2580 ω

60 2626 62 2628 ,
87 2590 199 2627 Quare
213 2591 284 2622 data
301 2591 419 2623 ratione
437 2593 467 2623 G
486 2592 521 2622 H
537 2591 577 2622 ad
593 2591 626 2622 K
641 2592 687 2627 H,
704 2591 795 2622 datur
805 2601 928 2631 qnoque

83 2634 165 2665 ratio
182 2634 217 2664 H
235 2634 266 2664 Ε
282 2634 323 2664 ad
342 2635 368 2665 C
387 2635 433 2665 H.

129 2676 178 2718 (¹¹)
203 2679 220 2696 '
244 2679 318 2709 Jam
339 2683 454 2708 constat
464 2688 522 2717 per
540 2680 748 2717 phaenomerw.
801 2676 929 2715 Jupiter

89 2728 164 2750 cum
188 2718 254 2748 suis
281 2726 415 2759 quatuor
439 2720 620 2750 satellitibus
645 2718 727 2750 eirca
754 2719 852 2749 solem
871 2717 931 2749 ceu

89 2767 235 2792 centrum
256 2762 422 2792 revolvitur
444 2762 477 2791 in
503 2761 672 2802 trajector-ii
695 2772 765 2801 quae
785 2761 929 2791 tellurem

85 2803 209 2835 ambitu
225 2813 284 2833 suo
305 2804 528 2843 complectitur,
556 2803 641 2834 unde
662 2803 697 2834 fit
719 2810 756 2834 ut
780 2802 930 2843 perpetuo

86 2852 232 2876 mutetur
254 2845 344 2877 Jovis
357 2857 377 2876 a
390 2847 502 2877 tellure
526 2846 681 2883 distantia,
706 2857 787 2886 quae,
813 2845 931 2877 caeteris

88 2887 226 2928 paribus,
242 2887 372 2918 minima
387 2895 442 2926 est,
458 2889 569 2920 tellure
578 2889 674 2919 solem
687 2889 767 2919 inter
778 2894 809 2919 et
819 2889 931 2920 Jovem

89 2929 204 2969 posita,
221 2930 357 2960 maxima
371 2930 453 2966 vero.
469 2932 533 2962 sole
551 2931 632 2962 inter
653 2931 765 2964 Jovem
788 2937 819 2962 et
839 2930 931 2961 tellu-

89 2983 158 3003 rem
174 2972 284 3007 locato,
301 2979 394 3013 atque
408 2973 518 3003 harum
533 2973 749 3005 distantiarum
761 2973 934 3004 differentia

89 3014 173 3046 orbis
188 3014 296 3055 magni
310 3014 469 3051 diametm,
485 3026 543 3046 seu
562 3016 668 3055 duplae
689 3016 842 3047 distantiae
856 3015 929 3046 solis

88 3067 109 3088 a
122 3055 204 3088 terri
221 3057 348 3097 aequalis
363 3063 418 3088 est.
467 3058 502 3089 Si
525 3058 622 3099 igitur
644 3058 725 3090 lucis
750 3057 930 3099 propagatio

136 3113 220 3144 Vox..
249 3113 278 3144 1.

969 2600 1031 2630 que
1045 2589 1158 2621 deinde
1178 2589 1284 2629 plures
1296 2589 1463 2621 astronomi
1477 2592 1684 2623 observarunt.
1733 2594 1804 2624 Ca-

970 2639 1070 2664 terum
1086 2632 1138 2663 alii
1152 2642 1253 2663 causae
1268 2638 1378 2671 praeter
1388 2633 1590 2664 successivam
1602 2634 1682 2666 lucis
1694 2645 1805 2675 propo-

970 2675 1126 2716 gationem
1141 2675 1381 2715 inaequalitat-
1391 2675 1479 2706 illam
1490 2676 1657 2709 satellitum
1668 2678 1806 2708 tribuen-

972 2718 1045 2748 dam
1059 2727 1125 2747 esse
1138 2717 1299 2748 contendit
1315 2717 1439 2748 Clariss.
1459 2718 1622 2751 Maraldus
1642 2719 1676 2750 in
1689 2728 1804 2753 comm.

976 2760 1073 2791 Pan's.
1096 2762 1186 2792 1707.
1204 2759 1289 2799 quod
1302 2760 1394 2790 etiam
1408 2760 1471 2800 jam
1486 2767 1575 2792 anm
1591 2762 1714 2803 Magno
1730 2764 1806 2796 Cas-

971 2803 1040 2833 sino
1059 2802 1162 2832 visum
1182 2801 1293 2833 fuerat.
1342 2802 1405 2833 Sed
1428 2803 1625 2835 Clarissimus
1649 2806 1806 2848 Granjenn

972 2845 1040 2885 ejus
1049 2844 1241 2885 argumentis
1250 2844 1415 2884 respondet
1422 2845 1456 2874 in
1466 2855 1579 2877 comm.
1596 2847 1694 2878 Paris-
1711 2851 1802 2880 1732.

974 2888 1084 2917 horum
1099 2886 1323 2918 dissertationes
1337 2886 1406 2918 vide
1419 2886 1471 2918 sis.

1018 2930 1066 2970 (¹)
1091 2932 1109 2950 *
1137 2931 1231 2964 Quasi
1244 2931 1339 2968 magis
1353 2932 1486 2961 attracti.
1534 2930 1609 2962 Alia
1623 2932 1807 2973 egregiae}-

974 2973 1146 3011 perimenta
1158 2971 1228 3002 vide
1242 2971 1276 3001 in
1289 2972 1434 3002 Newtoni
1448 2971 1551 3012 opticai
1564 2974 1654 3005 initio
1666 2975 1719 3006 lib.
1735 2981 1764 3007 3.
1777 2982 1808 3006 et

992 3020 1079 3045 uaest.
1098 3018 1149 3046 29.

971 3025 991 3055 q
1016 3057 1067 3098 (Ζ)
1091 3059 1109 3077 *
1134 3058 1188 3089 Fit
1212 3058 1308 3096 igitur
1331 3058 1475 3099 rffraclio
1498 3064 1527 3090 et
1551 3060 1678 3101 reflexio.
1727 3060 1808 3092 Vide
