2086 3542
268 227 360 278 ²288
669 236 1123 282 PHILOSOPHIAE
1157 239 1518 284 NATURALIS
1614 245 1763 295 [Mor.
1786 243 1990 289 Conon.

573 412 950 458 PROPOSITIO
982 416 1058 458 LI.
1117 417 1476 460 THEOREMA
1507 418 1682 462 XVIII.

269 530 317 572 Si
335 529 392 571 vis
411 530 627 583 centripeta
646 532 805 573 tendens
826 532 996 586 undique
1015 534 1072 573 ad
1084 534 1193 588 globi
1212 541 1380 575 centrum
1404 534 1440 575 C
1459 534 1511 575 sit
1547 535 1588 575 in
1616 535 1710 576 locis
1739 535 1905 591 singulis
1936 539 1986 578 ut·

324 601 518 641 distantia
537 601 613 640 loci
632 599 810 656 cujusque
828 615 855 641 α
875 608 1019 652 centro,
1041 608 1079 643 et
1107 602 1181 644 hdo
1208 602 1291 643 sold
1321 604 1362 643 υἱ
1395 609 1534 657 agente
1562 618 1699 658 corpus
1721 604 1765 646 T
1782 605 1975 647 oscilletm

324 671 462 727 (modo
468 672 558 729 jam
578 674 798 730 descripto)
820 675 863 713 in
876 675 1091 726 perimetro
1110 674 1292 728 eye-loidis
1315 673 1358 722 Q
1381 673 1421 715 R
1444 675 1498 716 S:
1531 675 1618 715 dico
1646 677 1749 729 quod
1766 665 1978 718 oscillatio-

322 758 412 785 mcm
432 750 620 798 utcunque
640 744 890 798 inaequalium
911 745 1084 798 aequalia
1103 749 1217 785 erunt
1235 750 1423 798 tempora.

324 860 432 902 Nam
454 860 497 901 in
518 859 713 916 cycloidis
732 866 973 916 tangentem
994 858 1036 901 T
1058 858 1122 901 W
1141 857 1302 899 infinite
1330 857 1576 913 productam
1607 858 1728 900 cadat
1754 860 1978 916 perpendi-

262 931 403 973 culum
427 931 463 972 C
485 930 531 972 X
552 938 594 973 et
605 931 807 988 jungatur
829 929 865 971 C
887 930 942 972 T.
1004 929 1216 979 Quoniam
1239 930 1298 971 vis
1318 929 1547 985 centripeta
1565 928 1647 985 qua
1667 944 1817 985 corpus
1838 931 1882 973 T
1898 931 1978 974 im-

261 1002 428 1057 pellitur
447 1016 589 1042 versus
612 1001 648 1043 C
664 1010 724 1043 est
743 1009 790 1042 ut
809 1000 1001 1042 distantia

264 1074 301 1115 C
323 1074 376 1124 T,
399 1081 522 1128 atque
541 1073 633 1114 haec
654 1077 743 1128 (per
757 1073 898 1130 legum
916 1074 999 1116 Co-

259 1141 336 1184 rol.
354 1142 412 1195 2.)
434 1142 652 1184 resolvitur
671 1142 715 1183 in
729 1150 868 1197 partes
887 1142 923 1183 C
937 1141 996 1192 X,

260 1209 303 1251 T
323 1209 382 1261 X,
404 1224 580 1266 quarum
608 1209 644 1253 C
672 1209 717 1250 X
747 1209 999 1264 impellendo

258 1295 409 1336 corpus
430 1281 584 1323 directe
604 1296 630 1322 a
657 1281 694 1323 P
723 1281 919 1324 distendit
947 1282 998 1323 fi-

256 1348 345 1390 lum
368 1349 403 1391 P
425 1349 466 1391 T
478 1357 519 1391 et
533 1364 608 1404 per
623 1351 708 1406 ejus
723 1351 997 1392 resistentiam

256 1428 345 1462 tota
364 1429 509 1472 cessat,
531 1421 691 1462 nullum
711 1422 839 1463 alium
869 1423 995 1465 edens

255 1494 463 1546 effectum3
484 1510 580 1551 pars
594 1505 730 1538 autem
743 1497 871 1539 altera
885 1498 992 1550 TX,

254 1570 444 1627 urgendo
465 1585 615 1626 corpus
636 1573 901 1622 transversim
922 1587 993 1613 seu
1130 1623 1136 1630 s

252 1655 392 1683 versus
414 1641 459 1683 X
489 1641 643 1684 directe
673 1642 874 1684 accelerat
902 1658 992 1684 mo·
1047 1641 1051 1644 ⁴

251 1717 341 1752 tum
371 1711 458 1767 ejus
487 1710 530 1752 in
560 1711 770 1767 cycloide3
801 1711 991 1754 manifes-

251 1788 341 1823 tum
363 1789 425 1823 est
445 1781 558 1838 quod
577 1782 765 1836 corporis
786 1782 990 1823 accelera-

249 1852 322 1902 tio,
344 1851 441 1892 huic
460 1852 500 1892 vi
520 1851 796 1893 acceleratrici
814 1866 989 1906 propor-

250 1921 427 1972 tionalis,
450 1922 502 1963 sit
523 1921 693 1978 singulis
709 1923 926 1963 momentis
941 1930 988 1964 ut

248 1989 468 2047 longitudo
502 1990 544 2031 T
576 1989 636 2040 X,
672 1990 716 2031 id
747 1989 790 2045 (¹)
821 1998 896 2042 est,
929 1991 987 2032 ob

248 2062 365 2104 datas
387 2063 425 2105 C
446 2062 497 2113 V,
522 2062 586 2104 W
601 2062 642 2103 V
662 2062 792 2117 iisque
811 2076 986 2117 propor-
1029 2070 1034 2076 “

247 2133 420 2174 tionales
442 2133 484 2174 T
505 2133 563 2184 X,
587 2132 630 2174 T
647 2133 723 2184 W,
740 2140 787 2174 ut
805 2133 985 2190 longitu-

245 2202 301 2244 do
323 2203 363 2244 T
385 2203 461 2252 W,
483 2201 563 2242 hoc
583 2209 646 2243 est
674 2205 765 2257 (per
788 2202 927 2244 Corol.
946 2208 983 2244 1.

247 2275 374 2330 Prop.
398 2275 590 2328 XLIX.)
621 2283 667 2316 ut
686 2275 903 2331 longitudo
917 2290 984 2316 ar-

245 2361 319 2388 cus
339 2346 536 2402 cycloidis
558 2346 599 2388 T
622 2347 676 2388 R.
738 2346 937 2388 Pendulis
965 2346 1093 2404 igitur
1123 2347 1285 2390 duobus
1307 2349 1348 2390 A
1371 2349 1407 2390 P
1427 2347 1481 2399 T,
1513 2348 1554 2391 A
1574 2363 1603 2404 p
1623 2356 1641 2390 t
1660 2347 1712 2390 de
1739 2348 1943 2404 perpendi

245 2418 340 2459 culo
364 2419 404 2460 A
430 2419 470 2460 R
500 2418 762 2475 inaequaliter
796 2419 983 2460 deductis
1017 2427 1059 2460 et
1093 2419 1214 2461 simul
1247 2419 1433 2470 dimissis,
1470 2419 1784 2461 accelerationes
1815 2432 1959 2461 eorum

244 2503 409 2544 semper
429 2497 552 2531 erunt
571 2498 618 2532 ut
633 2504 754 2532 arcus
774 2489 1037 2531 describendi
1056 2489 1098 2531 T
1119 2489 1173 2541 R,
1195 2498 1213 2531 t
1235 2491 1288 2532 R.
1349 2491 1455 2532 Sunt
1483 2490 1545 2546 (¹¹¹)
1576 2498 1714 2532 autem
1731 2479 1960 2550 partessub

239 2598 242 2604 Ἰ
285 2618 327 2661 (¹)
351 2621 369 2639 ⁴¹
394 2620 434 2650 Id
448 2624 503 2654 est,
513 2617 548 2648 ob
559 2620 655 2650 datas.
697 2618 749 2649 Ob
765 2617 922 2658 triangula
936 2618 979 2648 W
996 2617 1028 2648 X
1045 2617 1083 2655 C,
1128 2617 1361 2648 accelerationes
1374 2618 1594 2657 subsequentes
1606 2616 1655 2647 his
1674 2615 1811 2655 partibus
1831 2625 1961 2658 propom-

314 2662 352 2692 T-
370 2661 400 2691 V
426 2661 547 2696 similia,
574 2667 622 2691 est
650 2661 676 2691 C
704 2661 746 2691 W
763 2673 771 2692 :
791 2661 833 2690 W
852 2661 882 2691 V
895 2673 941 2690 =
958 2660 1001 2690 W
1023 2660 1080 2690 X:
1129 2660 1257 2690 tionales
1271 2666 1344 2691 sunt
1358 2660 1451 2690 etiam
1475 2666 1511 2690 ut
1532 2660 1589 2690 toti
1612 2668 1703 2690 arcus
1724 2665 1738 2689 t
1756 2659 1796 2695 R,
1814 2658 1845 2690 T
1861 2658 1904 2696 R,
1926 2665 1960 2690 et

246 2705 277 2735 T
294 2704 347 2741 W,
376 2710 408 2734 et
432 2706 651 2743 componendo
678 2704 704 2734 C
729 2704 758 2733 V
776 2715 783 2734 :
804 2704 847 2733 W
864 2703 895 2733 V
906 2715 954 2732 =
971 2703 1001 2733 T
1024 2702 1058 2732 X
1074 2714 1082 2733 z
1129 2702 1173 2732 sic
1188 2701 1342 2741 deinceps.
1392 2702 1551 2738 Quoniam
1570 2707 1674 2732 autem
1689 2701 1866 2732 velocitates
1883 2699 1958 2733 dnm

247 2747 278 2777 T
295 2748 336 2777 W
350 2758 360 2784 ;
383 2745 479 2786 quare
494 2747 534 2776 ob
549 2746 635 2776 datas
652 2746 678 2776 C
697 2746 735 2781 V,
754 2746 796 2777 W
807 2746 848 2782 V,
864 2745 935 2776 data
949 2750 994 2775 est
1007 2745 1084 2775 ratio
1127 2750 1266 2783 tempore
1281 2745 1394 2785 genitae
1409 2750 1482 2775 sunt
1495 2751 1531 2775 ut
1545 2743 1801 2774 accelerationum
1813 2753 1956 2780 summm,

246 2789 277 2820 T
296 2789 329 2820 X
346 2788 386 2819 ad
401 2789 432 2819 T
454 2789 505 2824 W,
522 2787 554 2818 id
569 2794 616 2818 est
633 2789 662 2819 T
679 2788 711 2818 X
729 2793 775 2819 est
788 2795 825 2819 ut
840 2788 871 2819 T
887 2788 938 2818 W.
1126 2796 1197 2826 quae
1212 2788 1251 2817 ob
1265 2787 1367 2818 datam
1382 2786 1637 2818 decelemtionum
1659 2785 1807 2816 rationem
1829 2790 1903 2816 sunt
1922 2784 1958 2815 in

288 2831 344 2873 (¹¹¹)
369 2835 441 2862 464.
468 2833 548 2862 Sunt
566 2837 671 2862 autem
686 2841 816 2861 arcuum
830 2836 844 2861 t
861 2830 901 2866 R
921 2829 950 2860 T
967 2830 999 2860 R
1014 2838 1083 2868 par-
1127 2828 1235 2859 eadem
1250 2830 1367 2860 ratione
1381 2828 1452 2860 data
1472 2839 1601 2859 arcuum
1626 2834 1640 2859 t
1668 2829 1709 2865 R,
1738 2829 1767 2859 T
1793 2828 1834 2866 R,
1859 2827 1961 2869 Uquet

243 2878 291 2902 tes
306 2875 365 2903 sub
380 2873 470 2903 initio
485 2873 594 2903 eodem
610 2873 805 2912 tempusculo
817 2871 976 2912 descfiptae
987 2877 1024 2902 ut
1034 2881 1085 2902 ac·
1127 2871 1361 2902 accelerationes
1374 2878 1468 2911 atque
1492 2870 1563 2902 ideo
1585 2870 1759 2902 velocitates
1783 2869 1903 2911 genitas
1925 2873 1957 2901 et

245 2915 456 2952 celerationes‚
474 2916 533 2945 hoc
549 2921 603 2952 est,
620 2921 657 2946 ut
671 2916 727 2946 toti
743 2926 831 2946 arcus
846 2921 860 2946 t
878 2915 917 2950 R,
935 2914 965 2945 T
982 2914 1012 2944 R
1027 2916 1085 2945 sub
1127 2919 1227 2952 partes
1241 2914 1288 2943 his
1303 2913 1513 2944 velocitatibus
1527 2913 1700 2952 descriptas,
1713 2919 1874 2953 partesque
1886 2910 1958 2946 des.-

243 2956 334 2986 initio
350 2957 540 2988 describendi
556 2963 587 2988 et
602 2956 766 2997 propterea
781 2957 911 2994 divisim,
924 2963 1025 2996 partes
1035 2966 1084 2987 ar·
1126 2955 1284 2986 cribendas
1308 2965 1429 2995 semper
1453 2966 1518 2986 esse
1539 2962 1577 2986 ut
1600 2961 1674 2986 sunt
1698 2955 1755 2986 toti
1779 2964 1868 2986 arcus
1881 2959 1895 2984 t
1912 2953 1954 2994 R,

243 3008 340 3029 cuum
366 3005 380 3029 t
398 3000 440 3037 R,
468 3000 497 3030 T
516 3001 547 3031 R
572 3010 643 3041 quoe
669 3006 799 3031 manent
822 2998 1031 3031 describendae
1052 3005 1085 3030 et
1129 2998 1158 3029 T
1176 2998 1215 3035 R,
1231 3003 1263 3028 et
1277 2996 1435 3038 propterea
1450 2998 1554 3038 sipars
1567 2997 1655 3030 arcus
1668 2998 1698 3030 T
1711 2998 1743 3029 R
1757 2993 1956 3029 describenda
