2086 3542
6 1876 18 1887 ι
34 1903 38 1907 “
105 1899 142 1924 ut
162 1893 283 1923 cosinus
303 1891 410 1932 anguli
431 1890 519 1920 incli-

124 230 271 272 Lmsn
300 230 515 282 Primus]
580 226 900 270 PRINCIPIA
924 225 1425 279 MATHEMATICA.
1738 237 1838 274 303<

124 340 243 382 Vires
263 349 400 381 autem
418 338 460 380 T
481 338 529 389 F,
553 337 594 379 T
615 337 665 379 H
684 337 845 393 agendo
866 336 1091 378 secundum
1108 336 1264 381 lineam
1283 337 1318 377 P
1339 337 1375 378 F
1393 337 1519 392 plano
1541 339 1580 379 A
1603 339 1644 380 Ο
1666 339 1702 380 P
1721 354 1818 395 per-

120 411 424 464 pendicularem
454 415 616 450 mutant
644 407 904 449 solummodo
932 415 1090 448 motum
1125 408 1308 462 corporis
1340 407 1538 463 quiitenus
1568 408 1665 451 huic
1693 411 1818 465 plano

118 479 512 537 perpendicularem.
573 477 760 534 Ideoque
793 483 930 520 motus
963 479 1050 534 ejus
1081 478 1283 534 qusstenus
1317 480 1542 521 secundum
1574 481 1820 534 positionem

118 551 232 606 plani
250 549 402 599 factus3
432 548 512 590 hoc
531 556 606 599 est,
628 555 764 589 motus
783 547 927 603 puncti
947 547 997 598 P,
1019 562 1101 602 quo
1129 548 1373 603 trajectoriae
1401 550 1619 606 vestigium
1649 551 1691 592 A
1713 551 1749 592 P
1768 552 1811 592 in

119 620 199 662 hoc
214 620 346 675 plano
365 619 623 668 describitur,
645 617 756 659 idem
775 626 836 659 aet
853 632 902 659 ac
922 617 957 659 si
975 617 1082 660 vires
1103 617 1145 660 T
1166 618 1215 668 F,
1239 618 1281 660 T
1302 618 1353 660 H
1370 618 1625 670 tollerentur,
1657 628 1700 662 et
1727 635 1816 661 cor-

118 705 196 746 pus
216 690 313 731 solis
332 690 487 730 viribus
509 689 544 730 F
566 689 621 740 G,
646 688 695 730 H
716 688 738 730 I
758 688 1007 745 agitaretur3
1036 687 1118 730 hoc
1137 697 1211 740 est,
1232 688 1344 730 idem
1357 703 1406 732 ac
1421 689 1456 731 si
1475 704 1625 745 corpus
1637 690 1680 732 in
1694 691 1820 746 plano

120 761 161 804 A
182 760 223 802 O
246 761 294 811 P,
316 760 357 801 vi
379 760 430 815 (¹¹)
453 759 679 814 centripetss
699 759 753 801 ad
773 767 960 800 centrum
982 759 1024 801 O
1043 760 1238 802 tendente
1258 768 1301 803 et
1319 775 1519 803 summam
1537 762 1686 803 virium
1718 762 1754 804 F
1775 763 1819 805 G

117 839 160 873 et
179 831 228 873 H
249 831 271 873 I
291 839 494 888 aequante,
525 830 774 871 describeret
804 843 971 871 curvam
992 830 1033 871 A
1055 830 1105 873 P.
1165 830 1250 873 Sed
1280 831 1320 872 vi
1350 831 1423 874 tali
1452 831 1696 874 describitur
1723 847 1820 874 area

118 902 159 944 A
181 901 222 944 Ο
242 901 279 943 Ρ
309 904 401 956 (per
422 900 546 955 Prop.
569 900 623 952 Ι.)
653 899 829 954 tempori
857 899 1190 954 proportionalis.
1249 900 1310 950 Q,
1323 915 1359 942 e.
1380 900 1422 942 d.

176 972 304 1015 Corol.
336 970 497 1013 Eodem
517 977 760 1027 argumento
780 969 816 1010 si
836 983 999 1024 corpus,
1032 984 1058 1011 a
1075 970 1231 1011 viribus
1262 971 1464 1028 agitatum
1492 970 1547 1012 ad
1574 980 1715 1014 centra
1733 972 1817 1014 duo

115 1042 180 1084 vel
198 1042 318 1097 plura
336 1041 381 1082 in
399 1039 544 1082 efidem
564 1039 705 1096 qufivis
724 1038 835 1081 rectfi
857 1038 894 1080 C
915 1038 958 1081 O
977 1039 1073 1081 data
1093 1040 1370 1091 tendentibus,
1392 1041 1643 1084 describeret
1661 1043 1705 1083 in
1725 1057 1816 1098 spa-

114 1113 173 1154 tio
191 1112 322 1152 libero
349 1110 503 1151 lineam
536 1122 823 1166 quamcunque
843 1123 1010 1151 curvam
1035 1110 1065 1152 S
1087 1110 1153 1161 T;
1183 1110 1290 1153 foret
1320 1125 1415 1153 area
1449 1111 1489 1153 A
1511 1111 1553 1153 Ο
1574 1112 1610 1154 Ρ
1641 1114 1819 1168 tempori

115 1196 278 1237 semper
295 1179 627 1236 proportionalis.

118 1342 126 1346 “
158 1343 205 1387 (“)
229 1346 247 1364 0
277 1345 314 1375 Vi
326 1341 489 1383 cerm-iper&
505 1343 545 1372 acl
558 1347 698 1373 centrum
719 1342 754 1378 0,
769 1341 824 1372 &c-
859 1341 943 1372 Nam
985 1340 1080 1380 plano
1096 1339 1124 1371 F
1139 1337 1175 1370 H
1191 1350 1210 1370 e
1223 1340 1244 1370 b
1258 1338 1288 1376 d,
1303 1339 1456 1379 paranda,
1479 1340 1626 1382 projectio
1645 1341 1730 1372 illius
1748 1352 1766 1372 e
1778 1342 1811 1380 d,

111 1396 204 1417 curva
233 1385 408 1425 superficies
436 1385 465 1415 B
489 1384 511 1414 S
534 1383 568 1414 K
598 1384 627 1414 L
656 1384 761 1423 genita
794 1383 942 1422 supponi.
984 1383 1043 1413 erit
1055 1382 1115 1422 ipsi
1130 1382 1161 1412 E
1178 1382 1212 1413 D
1226 1382 1360 1422 aequalis.

111 1435 164 1459 tur
175 1428 366 1459 revolutione
381 1434 482 1457 curvae
503 1427 593 1456 lineae
612 1426 639 1455 B
658 1426 679 1455 S
697 1425 730 1455 K
756 1425 836 1456 circa
855 1435 946 1455 axem
1029 1428 1102 1455 482.
1136 1426 1277 1456 Lemma.
1318 1422 1435 1454 Iisdem
1461 1423 1575 1463 positis,
1606 1425 1631 1455 si
1658 1425 1692 1455 in
1719 1426 1814 1464 plano

110 1481 202 1501 suum
221 1471 251 1501 O
269 1470 307 1506 C,
332 1468 416 1500 unde*
441 1468 579 1508 sequitur
603 1467 698 1497 lineas
724 1477 832 1498 omnes
855 1467 884 1498 P
900 1467 943 1504 O,
989 1467 1023 1497 D
1040 1467 1068 1497 F
1086 1466 1122 1497 H
1140 1466 1169 1496 E
1188 1467 1215 1496 B
1235 1467 1274 1498 A.
1301 1472 1407 1496 centro
1423 1466 1461 1503 C,
1487 1465 1574 1496 radio
1590 1467 1616 1497 C
1634 1468 1675 1502 D.
1699 1468 1812 1498 descri-

112 1512 149 1543 H
166 1513 196 1550 I,
220 1513 250 1544 T
267 1513 315 1548 M,
343 1512 370 1542 F
394 1512 434 1547 G,
461 1508 488 1540 P
514 1510 548 1544 R
579 1509 605 1540 C
631 1510 660 1540 0
686 1519 751 1539 esse
775 1510 809 1539 in
835 1508 944 1540 eodem
985 1511 1077 1540 batur
1105 1508 1238 1538 circulus
1268 1508 1302 1538 D
1331 1509 1360 1538 A
1389 1508 1419 1538 E
1443 1509 1481 1543 B,
1510 1508 1595 1538 illius
1622 1511 1655 1539 in
1683 1509 1811 1549 plenum

108 1555 212 1595 plano,
242 1554 333 1594 atque
365 1552 435 1584 ideo
471 1552 534 1582 vim
566 1551 766 1590 centripetam
800 1557 943 1592 agentem
988 1552 1016 1581 F
1030 1551 1067 1581 H
1082 1561 1100 1581 e
1114 1552 1134 1581 b
1148 1551 1170 1580 d
1183 1550 1329 1590 projectio
1352 1549 1374 1580 d
1388 1561 1408 1580 a
1421 1560 1439 1579 e
1452 1551 1482 1585 b,
1507 1550 1565 1580 erit
1587 1551 1701 1591 ellipsis
1723 1553 1812 1592 cujus

107 1598 142 1627 in
166 1597 259 1637 plano
282 1596 338 1626 illo
359 1595 399 1626 ad
423 1601 565 1626 centrum
582 1593 612 1625 Ο
630 1592 722 1635 ιῇιιιιεὶ
735 1593 849 1624 lineam
866 1593 894 1626 P
910 1593 940 1626 0
984 1594 1083 1635 major
1096 1593 1161 1623 axis
1175 1593 1195 1622 d
1210 1603 1228 1623 e
1241 1591 1367 1632 aequalis
1381 1592 1439 1622 erit
1449 1592 1597 1622 diametro
1605 1593 1711 1624 circuli
1726 1595 1757 1624 D
1768 1595 1810 1631 E,

109 1639 210 1680 dirigi.
984 1642 1015 1667 et
1029 1635 1069 1666 ad
1081 1635 1233 1666 minorem
1247 1644 1337 1666 axem
1350 1645 1370 1665 a
1383 1635 1414 1672 b,
1429 1634 1578 1665 rationem
1592 1636 1713 1668 habebit
1726 1636 1812 1669 sinus

149 1685 221 1713 480.
258 1682 344 1713 Lem.
383 1679 415 1710 Si
440 1679 523 1710 linea

105 1730 187 1755 recta
203 1724 234 1754 A
251 1724 278 1753 B
292 1722 468 1764 projiciatur
487 1721 521 1751 in

105 1767 234 1805 planum
252 1766 278 1796 F
296 1766 360 1796 H‘e
372 1766 393 1794 b
407 1763 438 1800 d,
449 1774 520 1803 pro-

102 1809 197 1849 jectio
210 1815 256 1838 est
269 1807 351 1838 linea
363 1813 444 1837 recta
457 1817 476 1836 a
486 1807 517 1842 b,

106 1861 177 1891 quoe
190 1857 236 1880 est
249 1850 288 1880 ad
302 1850 415 1880 lineam
428 1851 458 1878 A
477 1849 518 1885 B,

106 1935 238 1965 nationis
252 1935 279 1965 B
290 1935 319 1964 G
330 1936 359 1969 b,
369 1933 408 1963 ad
417 1933 520 1963 sinum

106 1983 216 2007 totum.
245 1977 325 2007 Nam
341 1975 366 2005 si
375 1985 411 2005 ex
422 1984 520 2012 punc-

105 2019 145 2049 tis
163 2020 203 2053 A,
215 2019 253 2053 B,
271 2017 470 2048 demittantur
479 2017 521 2048 ad
577 2049 580 2052 ,

106 2061 235 2102 pianum
254 2060 326 2091 ΕΗ
343 2059 520 2098 ebd,per-

106 2102 271 2144 pendicula
283 2104 348 2135 duo
364 2102 395 2134 A
406 2113 433 2138 a,
449 2102 477 2132 B
486 2103 518 2138 b,

106 2154 190 2187 patet
210 2147 339 2186 planum
359 2155 378 2176 a
397 2145 425 2175 A
443 2145 472 2175 B
487 2145 519 2178 b.

107 2200 171 2221 esse
182 2190 221 2220 ad
231 2189 359 2229 planum
371 2185 521 2218 FHebd

106 2232 252 2267 normale,
288 2229 424 2269 adeoque
452 2238 521 2268 per-

106 2274 270 2314 pendicula
283 2273 387 2303 omnia
405 2282 443 2302 ex
458 2272 521 2301 sin-

105 2316 189 2357 gulis
202 2316 293 2346 lineoe
310 2315 340 2345 A
358 2315 388 2345 B
399 2313 521 2353 punctis

106 2358 245 2394 dernissa,
253 2356 399 2388 caderein
407 2356 521 2387 lineam

105 2407 221 2431 rectam
230 2411 250 2431 a.
257 2402 287 2437 b,
299 2409 369 2440 quae
380 2406 426 2429 est
435 2409 520 2429 com-

105 2443 210 2473 munis
223 2442 395 2473 intersectio
411 2441 520 2480 plano-

105 2483 521 2520 rumFHebd‚aABb;

110 2527 150 2562 Q,
169 2538 196 2558 e·
217 2526 284 2558 1⁰⁸¹.
332 2525 430 2556 Porro
450 2536 522 2564 pro-

107 2568 206 2599 ductis
222 2570 251 2600 B
269 2569 310 2602 A,
326 2570 348 2599 b
361 2579 381 2598 a
394 2574 430 2598 ut
443 2567 501 2599 sibi
522 2573 685 2598 occurrant
706 2568 739 2598 in
756 2567 799 2605 G,
825 2568 866 2599 ob
880 2577 935 2607 pa·
976 2565 1072 2598 totius
1093 2565 1134 2597 ad
1155 2565 1295 2597 eosinum
1321 2564 1428 2606 anguli
1456 2565 1484 2595 B
1504 2564 1533 2595 G
1548 2565 1579 2601 b,
1603 2563 1810 2595 inclinationis

106 2611 226 2642 nllelas
252 2612 281 2641 A
297 2622 326 2647 a,
353 2611 381 2641 B
396 2612 427 2647 b,
451 2609 509 2640 erit
522 2611 575 2640 ab
589 2610 629 2640 ad
646 2611 676 2640 A
695 2611 735 2646 B,
762 2616 798 2640 ut
816 2611 846 2641 G
861 2612 881 2640 b
895 2609 936 2640 ad
978 2609 1152 2649 planorum.
1212 2608 1336 2648 Agatur
1359 2607 1443 2638 enim
1471 2607 1499 2637 P
1521 2607 1560 2637 M
1585 2606 1748 2637 ordinatim
1769 2606 1809 2637 ad

111 2653 142 2683 G
160 2653 198 2690 B,
214 2653 247 2684 id
261 2660 314 2687 est,
332 2659 367 2683 ut
381 2653 467 2682 sinus
481 2651 589 2691 anguli
607 2653 636 2683 G
649 2653 678 2683 B
692 2654 713 2682 b
728 2652 791 2682 sive
813 2652 936 2682 cosinus
978 2651 1165 2682 diametrum
1178 2650 1284 2680 circuli
1302 2650 1335 2680 D
1352 2649 1391 2684 E,
1414 2655 1446 2680 et
1458 2649 1634 2690 projiciatur
1647 2648 1678 2678 in
1693 2654 1807 2679 rectam

107 2695 215 2735 anguli
238 2693 446 2726 inclinationis
472 2694 501 2726 B
519 2695 551 2726 G
571 2695 602 2731 b,
629 2694 667 2725 ad
691 2694 797 2725 sinum
821 2700 933 2725 totum.
982 2694 1067 2728 Pm,
1093 2693 1150 2723 erit
1172 2692 1288 2731 dp=
1306 2692 1339 2722 D
1356 2691 1395 2730 P,
1421 2697 1452 2722 et
1472 2702 1494 2731 p
1515 2701 1591 2721 e=
1609 2690 1638 2720 P
1661 2690 1690 2720 E
1714 2691 1807 2731 (481)

111 2737 153 2772 Q,-
171 2747 199 2767 ε.
224 2737 296 2768 2²⁸¹.
980 2741 1072 2776 atque
1086 2745 1106 2774 p
1121 2745 1152 2764 m
1167 2734 1207 2764 ad
1224 2734 1253 2764 P
1269 2734 1318 2770 M,
1333 2739 1370 2763 ut
1383 2733 1469 2763 sinus
1482 2732 1592 2773 anguli
1607 2732 1684 2763 PM
1695 2742 1737 2767 m,
1754 2743 1809 2764 seu

150 2782 223 2808 481.
251 2781 343 2810 Cor-ol.
381 2778 414 2821 Si
442 2778 526 2809 linea
552 2778 751 2819 projicienda,
782 2778 875 2818 plano
903 2778 938 2808 in
980 2777 1087 2817 anguli
1106 2778 1135 2806 A
1154 2777 1183 2807 B
1198 2778 1228 2812 b,
1244 2776 1285 2806 ad
1298 2776 1401 2806 sinum
1412 2781 1512 2805 totum
1528 2774 1620 2816 (480)
1635 2775 1694 2805 boe
1707 2780 1809 2811 esunt

107 2821 191 2860 quod
205 2821 362 2861 projicitur
374 2821 518 2860 parallela
531 2820 625 2851 fuerit
636 2820 781 2861 projectio
791 2821 849 2851 erit
856 2820 939 2850 linea
980 2830 1000 2850 a
1014 2821 1044 2856 b,
1068 2819 1107 2849 ad
1125 2819 1155 2848 A
1172 2819 1199 2848 Β
1221 2828 1277 2848 seu
1290 2818 1312 2848 d
1327 2828 1353 2854 e,
1378 2815 1517 2857 adeoque
1541 2827 1561 2855 p
1586 2827 1619 2846 m
1632 2818 1648 2836 ²
1663 2829 1672 2847 ι
1693 2817 1721 2847 P
1737 2817 1772 2848 M
1790 2819 1807 2847 ἓ

106 2867 190 2892 recta
216 2863 307 2893 lineoe
333 2863 527 2903 projiciendae
555 2863 680 2903 aequalis
708 2869 740 2893 et
766 2862 932 2902 parallela3
976 2874 1022 2891 =
1037 2872 1056 2891 a
1070 2863 1090 2891 b
1104 2863 1120 2880 ²
1137 2873 1144 2891 :
1164 2860 1184 2890 d
1199 2871 1216 2890 e
1230 2862 1256 2896 ²,
1272 2859 1327 2890 sed
1340 2870 1378 2889 ex
1392 2858 1504 2889 natura
1517 2858 1622 2889 circuli
1640 2859 1668 2890 P
1681 2859 1718 2890 M
1732 2861 1805 2889 ²=

109 2904 194 2935 Nam
208 2905 242 2934 in
264 2906 322 2934 hoc
346 2914 419 2935 casu
440 2905 574 2946 angulus
597 2905 803 2936 inclinationis
827 2904 935 2934 nullus
979 2904 1012 2934 D
1030 2904 1059 2933 P
1075 2907 1108 2940 ><
1129 2903 1156 2933 Ρ
1175 2903 1204 2932 Ε
1219 2902 1328 2940 =dp
1345 2906 1378 2939 Χ
1395 2911 1454 2940 pe,
1473 2901 1588 2942 Ergop
1602 2910 1634 2930 m
1649 2902 1685 2932 ²:
1704 2900 1756 2940 dp
1770 2906 1803 2938 χ

107 2952 162 2983 est,
191 2951 224 2976 et
247 2948 314 2986 ejus
335 2946 458 2976 casinus
478 2947 515 2977 fit
534 2947 647 2977 radius.
691 2947 779 2977 Hinc
801 2947 828 2976 si
852 2947 935 2976 linea
976 2955 997 2983 p
1013 2955 1030 2974 e
1043 2958 1089 2974 =
1105 2955 1124 2975 a
1137 2946 1158 2975 b
1172 2946 1188 2963 ²
1204 2948 1212 2975 ’ς
1229 2944 1251 2974 d
1265 2954 1283 2974 e
1296 2946 1323 2973 ².
1365 2944 1423 2973 Est
1436 2943 1561 2984 igitura
1573 2943 1662 2980 ebd,
1678 2943 1801 2982 ellipsis.

109 2988 141 3019 E
168 2988 211 3025 D,
238 2988 279 3019 ad
302 2993 416 3018 rectam
441 2988 473 3020 A
497 2989 526 3021 B
548 2988 816 3029 perpendiemaris,
841 2988 935 3019 fuerit
980 2987 1099 3018 Caetero
1111 2992 1218 3027 patent
1230 2985 1576 3026 perIaemmasupexius
1584 2991 1615 3016 et
1624 2986 1691 3028 ejus
1704 2985 1805 3016 Corol.
