2086 3542
178 214 333 258 Lmns
364 215 567 267 Morus]
639 213 963 255 PRINCIPIA
995 212 1488 258 MATHEMATICA.
1835 225 1888 261 35

175 338 218 373 et
236 338 422 386 tempore
440 337 530 371 toto
548 329 632 370 vim
651 335 782 370 totam
801 327 1013 382 imprimit,
1035 335 1078 368 et
1096 327 1356 385 velocitatem
1373 336 1504 370 totam
1521 341 1694 386 generat
1711 335 1893 388 tempori

172 399 535 457 proportionalem.
595 398 652 440 Et
671 397 803 453 spatia
822 397 1077 452 temporibus
1095 398 1473 452 proportionalibus
1490 399 1708 455 descripta,
1732 413 1829 445 sunt
1842 411 1890 446 ut

173 471 407 513 velocitates
426 477 469 511 et
486 477 675 524 tempora
694 468 970 523 conjunctim
1014 468 1059 508 id
1079 476 1142 510 est
1160 469 1203 509 in
1223 469 1431 524 duplicata
1450 471 1610 512 ratione
1639 479 1886 527 temporum.

175 540 232 584 Et
251 555 423 596 corpore
444 555 607 582 sursum
624 540 811 595 projecto
829 539 1008 596 gravitas
1023 538 1238 582 uniformis
1258 540 1364 582 vires
1384 541 1584 596 imprimit
1595 550 1638 583 et
1651 542 1886 587 velocitates

172 667 312 702 respectu
327 661 362 691 K
379 661 424 698 L;
447 660 522 702 ergo
542 660 680 691 celeritas
702 671 757 691 seu
778 661 824 691 vis
837 661 872 691 in
885 666 1002 704 puncto

176 705 203 737 C
217 704 327 734 mim
337 713 402 733 non
416 709 540 743 superat
554 705 758 744 quantitatem
771 703 1004 734 infinitaeimam

174 746 303 778 secundi
325 745 451 776 ordinis.
509 746 615 782 Quare
638 745 712 776 cum
740 745 884 776 velocitas
911 756 1006 786 quam

170 798 284 828 corpus
310 798 366 827 per
394 787 517 828 singula
541 798 643 818 curvae
671 788 767 818 latera
790 790 821 818 A
845 789 885 823 B,
910 789 940 819 B
966 789 1002 824 C,

174 832 202 863 C
219 831 262 866 D,
286 829 410 867 amittit,
432 840 495 860 non
510 831 638 861 excedat
651 831 855 871 quantitatem
868 830 1002 861 infinite-

170 873 282 904 simam
296 872 425 903 secundi
438 872 564 909 ordinis,
579 883 634 912 per
647 872 743 903 latera
757 882 859 903 curvae
873 882 1005 902 numero

170 915 302 950 infinita,
319 915 378 944 hoc
393 922 447 950 est,
470 925 526 954 per
539 925 646 945 mcum
660 925 762 945 curvae
775 914 912 952 finitum,
938 924 1004 944 non

169 963 270 997 potest
294 956 482 988 celeritatem
496 957 635 988 amittere
659 957 809 998 majorem
834 957 1006 998 quantitate
1038 957 1187 1000 horizonti
1197 962 1357 1001 parallelis,

1044 662 1195 702 aequalem
1216 673 1281 694 esse
1295 663 1448 695 velocitati
1469 664 1557 704 lapsu
1572 666 1820 706 perpendiculari
1834 680 1885 701 ac-

1044 704 1167 744 quisitae
1187 705 1220 734 in
1234 706 1358 744 punctis
1371 707 1680 747 correspondentibus
1694 711 1723 746 b,
1746 720 1774 747 c,
1797 711 1828 743 d.

1091 750 1143 778 86.
1163 747 1195 778 Si
1209 758 1302 788 grave
1315 747 1371 778 de·-

1048 788 1173 819 scendat
1181 799 1236 828 per
1245 800 1370 820 curvam
1390 770 1440 820 Α
1613 773 1652 818 E
1822 786 1855 818 ἃ

1041 831 1211 870 ‘lmffibet
1232 835 1265 866 A
1284 836 1313 868 Β
1325 837 1362 869 ‘C

1043 873 1086 910 D,
1130 874 1232 907 ductis
1273 878 1362 910 lineis

1042 916 1074 945 A
1099 926 1127 952 ὃ,
1162 918 1189 947 Β
1215 920 1244 955 b,
1282 922 1308 952 C
1334 933 1361 958 c,

1393 926 1423 964 C
1816 941 1840 969 c

169 998 370 1030 infinitesimfi
383 1000 475 1038 primi
490 999 607 1030 ordinis
619 1010 690 1040 quae
705 1006 751 1030 ost
765 1009 888 1029 summa
901 1009 1001 1039 quan-
1038 1006 1070 1030 et
1090 1010 1128 1031 ex
1151 1010 1267 1040 puncto
1282 1016 1358 1036 ,cm-
1450 945 1804 1055 =v

169 1042 295 1073 fimtum
323 1041 592 1072 infinitesimarum
627 1041 756 1072 secundi
791 1040 928 1078 ordinis3
964 1041 1002 1071 esa
1037 1049 1084 1071 vae
1097 1043 1205 1075 infimo
1219 1046 1262 1084 D,
1278 1054 1361 1080 recta
1616 1061 1660 1104 D

167 1084 265 1125 igitur
288 1083 459 1124 quantitate
479 1083 627 1124 neglectii,
651 1093 762 1122 corpus
776 1083 886 1114 eodem
899 1083 994 1114 modo
1041 1083 1362 1122 DE,adborizontem

167 1132 289 1156 motum
304 1135 398 1156 suum
411 1126 444 1156 in
458 1125 552 1156 curvt‘i
573 1126 734 1156 continuat
747 1136 783 1156 ac
797 1125 822 1156 si
837 1125 915 1156 nihil
929 1125 1001 1156 viri·
1044 1127 1184 1162 normali,
1206 1134 1292 1167 patet
1314 1129 1386 1171 (85)
1408 1130 1511 1170 gravis
1532 1140 1587 1169 per
1600 1141 1707 1162 arcum
1725 1133 1755 1163 A
1774 1134 1816 1170 D,
1833 1134 1882 1165 vel

167 1178 224 1198 um
237 1168 396 1199 amisisset.
441 1169 483 1205 Q.
502 1179 527 1198 e.
543 1169 573 1200 d.
1043 1179 1064 1199 a
1088 1170 1131 1206 D.
1155 1170 1370 1202 descendentis
1391 1172 1523 1202 eandem
1546 1183 1612 1203 esse
1633 1174 1826 1206 velocitatem
1848 1178 1881 1207 in

1041 1212 1166 1250 punctis
1180 1213 1269 1253 aeque
1291 1213 1361 1243 altis
1379 1214 1407 1243 B
1424 1221 1456 1244 et
1469 1215 1499 1249 b,
1526 1215 1553 1244 C
1569 1221 1599 1244 et
1614 1225 1640 1245 c.
1686 1217 1793 1252 Quare
1807 1229 1880 1249 cum

1045 1263 1083 1283 ex
1102 1254 1142 1290 A,
1158 1255 1298 1293 pervenit
1311 1255 1351 1285 ad
1374 1262 1530 1294 punctum
1544 1257 1691 1288 infimum
1709 1260 1751 1295 D,
1769 1271 1806 1290 ex
1821 1261 1882 1291 im-

552 1276 591 1321 Ε
635 1275 672 1336 F
997 1305 1024 1336 η
1045 1301 1120 1334 petu
1144 1305 1200 1335 per
1224 1295 1346 1335 lapsum
1371 1297 1522 1338 acquisito
1544 1300 1682 1330 ascendit
1702 1311 1759 1340 per
1772 1313 1880 1334 arcum

1046 1339 1078 1369 D
1093 1348 1121 1373 a,
1143 1337 1184 1368 ad
1198 1346 1351 1377 punctum
1367 1350 1393 1375 a,
1417 1339 1506 1379 aeque
1526 1340 1634 1377 altum,
1657 1342 1691 1372 in
1705 1354 1768 1384 quo
1778 1345 1880 1376 omnis

541 1378 548 1386 '
612 1377 617 1382 “
1043 1380 1188 1410 velocitas
1202 1380 1405 1420 extinguitur,
1437 1387 1469 1412 et
1495 1381 1530 1411 in
1551 1384 1676 1421 punctis
1700 1395 1879 1427 correspon-

1043 1422 1187 1452 dentibus
1204 1423 1324 1459 Beth,
1350 1423 1462 1458 Cetc,
1480 1424 1880 1462 eund-taminnscensu

1042 1474 1139 1505 quun
1162 1464 1196 1493 in
1221 1463 1370 1494 descensu
1394 1466 1487 1496 habet
1511 1466 1705 1499 velocitatem
1736 1472 1820 1512 (26).
1846 1474 1880 1504 Si

999 1483 1022 1530 b
1045 1505 1116 1537 vero
1140 1516 1230 1536 amus
1252 1507 1328 1541 Da.
1351 1507 1545 1544 arcuiDA,
1569 1509 1881 1554 similisetaequalis

1043 1548 1146 1584 fuerit,
1162 1548 1277 1588 singuli
1286 1558 1375 1579 arcus
1389 1549 1478 1591 aeque
1491 1550 1547 1581 alti
1564 1551 1591 1582 C
1608 1553 1642 1583 D
1657 1560 1689 1584 et
1704 1555 1738 1585 D
1752 1566 1779 1591 c,
1799 1557 1828 1587 B
1843 1558 1877 1589 D

1045 1596 1076 1621 et
1093 1592 1126 1621 D
1140 1592 1170 1626 b,
1194 1592 1226 1621 A
1244 1591 1278 1622 D
1292 1597 1324 1623 et
1340 1592 1373 1623 D
1388 1602 1416 1629 a,
1433 1593 1605 1634 aequalibus
1618 1595 1784 1639 respective
1797 1596 1878 1632 ttm,

1045 1633 1171 1673 poribus
1183 1641 1405 1674 percurruntur
1421 1635 1502 1679 (26).

201 2030 251 2056 84.
274 2026 307 2057 Si
327 2038 420 2068 grave
440 2039 479 2060 ex

499 2030 603 2071 quiete
618 2031 650 2061 in
668 2032 708 2067 A,
731 2042 787 2075 per
804 2033 899 2074 plana
913 2042 987 2063 con-

154 2068 247 2109 tigua
271 2069 302 2099 A
328 2071 365 2106 B,
389 2071 418 2100 B
445 2072 481 2108 C,
514 2073 540 2103 C
568 2073 610 2108 D,
634 2073 861 2112 daecendhuet
889 2074 987 2106 flexus

158 2121 213 2141 seu
236 2111 344 2151 anguli
361 2112 401 2147 Β,
426 2114 462 2148 C,
478 2115 578 2145 motui
592 2126 655 2146 non
673 2116 815 2154 officiant,
842 2117 985 2148 velocitas

157 2163 214 2226 ἓξ
214 2153 487 2236 151305232224323
488 2155 839 2238 ῗῖξζζῗρὲᾗῖἆῗέἒιῖἓ
859 2159 985 2232 ffffli

156 2237 191 2267 in
217 2238 284 2276 pari
312 2239 351 2268 ab
378 2239 535 2278 horizonte
563 2239 708 2272 distanti&
731 2263 741 2272 .
754 2264 763 2272 .
782 2265 791 2273 .
809 2265 819 2274 .
843 2246 984 2275 Dm.—

158 2280 272 2310 Ductis
293 2280 384 2311 rectis
410 2281 441 2311 A
456 2291 483 2316 a,
509 2282 538 2312 B
563 2283 593 2318 b,
618 2283 645 2313 C
670 2293 695 2320 c,
721 2284 755 2314 D
779 2284 810 2321 d,
831 2286 983 2316 horizonti

155 2321 308 2362 parallelis
322 2328 352 2352 et
366 2323 594 2362 perpendiculo,
618 2335 637 2355 a
651 2325 680 2360 d,
704 2326 844 2362 demisso,
867 2327 983 2366 produ-

155 2371 266 2395 cantur
293 2364 319 2396 C
338 2365 376 2401 B,
403 2366 436 2396 D
454 2366 489 2400 C,
506 2365 604 2397 donec
618 2375 780 2399 occurrant
794 2375 885 2400 rectae
907 2370 937 2399 A
953 2380 979 2406 a,

153 2406 188 2436 in
202 2407 234 2437 E
256 2413 287 2438 et
303 2407 346 2444 F;
368 2406 511 2438 velocitas
532 2408 620 2448 lapsu
642 2420 697 2448 per
724 2410 754 2441 A
773 2411 811 2447 B,
834 2411 982 2452 acquisita

154 2449 282 2490 aequalis
295 2455 342 2479 est
355 2449 507 2481 velocitati
520 2460 590 2490 quae
604 2452 811 2491 acquireretur
824 2454 914 2493 lapsu
927 2463 983 2493 per

155 2491 189 2521 E
207 2491 243 2526 Β,
266 2497 322 2522 aut
341 2490 435 2522 etiam
459 2502 515 2531 per
531 2494 562 2523 A
580 2494 618 2527 Β,
645 2497 693 2535 (81
702 2495 725 2534 ),
749 2495 889 2536 adeoque
909 2506 982 2526 cum

154 2531 254 2564 flexus
280 2534 320 2568 Β,
344 2534 444 2564 motui
466 2545 530 2565 non
553 2535 667 2566 officiat
694 2539 763 2578 (per
777 2538 866 2579 hyp.)
890 2547 983 2579 grave

154 2581 276 2606 motum
298 2586 392 2607 suum
414 2586 470 2616 per
493 2576 623 2616 planum
648 2579 678 2609 B
697 2578 732 2616 (ἔξ
760 2580 869 2611 eodem
890 2580 984 2611 modo

154 2618 323 2652 continuat,
346 2629 384 2649 ac
404 2619 428 2648 si
450 2629 488 2649 ex
503 2620 621 2658 puncto
636 2621 676 2656 E,
699 2631 754 2660 per
767 2622 898 2663 planum
911 2623 982 2653 uni-

155 2669 228 2690 cum
242 2660 283 2691 VE
308 2661 345 2697 C,
367 2661 768 2704 descendisset3'estigitur
781 2665 926 2696 velocitas
948 2665 982 2695 in

157 2701 195 2738 C,
215 2702 341 2742 aequalis
366 2703 519 2735 velocitati
540 2704 630 2743 lapsu
652 2707 897 2745 perpendiculari
917 2717 979 2747 per,

153 2753 173 2773 a
185 2753 212 2779 r„
228 2745 394 2785 acquisitae.
417 2771 422 2776 .
443 2741 591 2777 Similiter
603 2748 775 2779 ostenditur
788 2749 981 2780 velocitatem

153 2784 741 2827 inDaequalemessevelo'oitatiind.
791 2792 834 2828 Q.
853 2792 963 2822 e.d.-

195 2830 247 2859 ssa
274 2829 438 2870 Angeatur
459 2830 624 2870 planorum
647 2843 805 2871 numerus,
829 2840 861 2864 et
874 2834 983 2875 singu·

1071 2583 1122 2612 87.
1149 2579 1305 2611 Velocitas
1326 2580 1427 2620 gravis
1451 2590 1507 2619 per
1527 2582 1666 2622 quemvis
1687 2582 1793 2613 circuli
1808 2593 1857 2614 ar·

1026 2633 1100 2653 cum
1126 2623 1156 2653 E
1184 2623 1223 2658 B,
1247 2622 1460 2653 descendentis
1484 2623 1517 2652 in
1543 2630 1660 2662 puncto
1682 2624 1791 2655 infimo
1815 2626 1856 2661 Β,

1026 2671 1074 2695 est
1098 2665 1137 2695 ad
1160 2664 1352 2695 velocitatem
1378 2675 1471 2705 quam
1494 2665 1583 2705 lapsu
1611 2667 1858 2706 perpendiculari

1025 2717 1081 2747 per
1101 2714 1198 2737 totam
1219 2706 1404 2737 diametrum
1422 2705 1452 2738 A
1470 2708 1499 2738 B
1514 2708 1694 2747 acquireret,
1716 2715 1753 2740 ut
1767 2710 1856 2740 chor-

1024 2750 1066 2780 da
1096 2750 1126 2780 E
1151 2750 1190 2784 B,
1214 2748 1254 2779 ad
1279 2749 1465 2779 diametrum
1490 2750 1521 2780 A
1547 2751 1576 2781 B
1714 2753 1855 2783 Dm.—

1023 2791 1132 2823 Ductfi
1163 2792 1194 2822 E
1221 2792 1261 2828 G,
1294 2791 1454 2833 horizonti·
1472 2792 1619 2831 paralleli
1646 2792 1787 2835 adeoque
1814 2795 1855 2825 ad

1027 2834 1212 2864 diametrum
1241 2835 1271 2864 A
1297 2834 1336 2869 Β,
1358 2834 1612 2873 perpendiculari,
1634 2835 1779 2867 velocitas
1799 2847 1856 2877 per

153 2868 256 2900 levum
276 2871 440 2912 longitudo
453 2873 614 2904 minuatur
626 2874 659 2905 in
673 2875 833 2907 infinitum
846 2882 883 2907 ut
896 2877 980 2907 linea
1022 2887 1128 2906 arcum
1146 2877 1176 2907 E
1195 2877 1234 2911 B,
1257 2876 1413 2916 acquisita,
1431 2876 1558 2915 aequalis
1571 2882 1619 2908 ωε
1631 2877 1785 2909 velocitati
1800 2889 1853 2910 ac-

155 2913 187 2942 A
204 2913 231 2943 B
247 2913 275 2943 C
292 2913 325 2943 D
339 2924 433 2945 curva
446 2915 563 2952 evadat,
580 2916 692 2957 etquis
705 2918 815 2959 anguli
831 2920 866 2955 B,
883 2919 919 2954 C,
933 2920 976 2955 D,
1021 2919 1141 2958 quisitae
1154 2929 1209 2957 per
1226 2919 1255 2949 G
1275 2919 1303 2948 B
1321 2917 1402 2959 (²²5).
1445 2918 1504 2948 Est
1517 2917 1593 2960 ergo
1605 2918 1646 2950 ad
1659 2920 1852 2952 velocitatem

151 2954 305 2985 velocitati
327 2957 460 2995 corporis
482 2968 547 2988 non
567 2959 708 2990 officiunt
730 2961 813 3002 (83),
835 2961 980 2991 manifes-
1023 2971 1078 2999 per
1091 2961 1122 2991 A
1141 2961 1169 2992 B
1191 2960 1369 3000 acquisitam
1379 2960 1412 2989 in
1426 2960 1544 2991 ratione
1552 2961 1764 3002 subduplieatfi
1777 2965 1850 2999 GB,

150 3002 219 3026 mm
233 3001 289 3032 esu
310 2999 410 3038 gravis
429 3009 484 3038 per
498 3010 623 3031 curvam
637 3001 850 3033 descendentis
863 3003 975 3034 veloci·
1019 3002 1059 3032 ad
1077 3003 1107 3033 A
1126 3003 1154 3033 B
1171 3003 1255 3044 (2³³.)
1282 3002 1342 3032 Sed
1357 3009 1480 3041 propter
1504 3003 1659 3044 triangula
1672 3007 1852 3047 rectangula

149 3046 244 3069 tatem
272 3039 307 3069 in
334 3039 465 3080 singulis
491 3052 594 3073 curvae
621 3044 744 3083 punctis
775 3046 813 3081 B,
854 3046 889 3082 C,
930 3046 972 3081 D,
1018 3045 1130 3075 similia
1147 3046 1178 3075 A
1195 3045 1225 3076 E
1244 3045 1281 3081 B,
1302 3045 1332 3075 B
1350 3045 1433 3080 GE,
1453 3042 1758 3078 GB=EB=E15:
1777 3056 1801 3078 Λ
1815 3051 1854 3085 Β,
