2086 3542
105 267 256 310 Lumn
276 266 492 319 Primus]
554 264 876 308 PRINCIPIA
906 262 1401 308 MATHEMATICA.
1722 267 1802 306 311

761 547 1008 597 SECTIO
1043 547 1135 596 XI.

198 689 278 736 De
301 695 423 736 motu
443 703 692 751 corporum
714 687 888 734 viribus
909 685 1172 750 centripetis
1194 700 1242 732 se
1265 691 1418 732 mutuo
1434 684 1698 747 petentium,

153 835 373 878 Hactenus
394 834 572 890 exposui
591 842 728 875 motus
749 847 971 888 corporum
992 840 1262 875 attractorum
1281 832 1336 874 ad
1366 840 1555 874 centrum
1583 831 1809 883 immobile,

96 909 218 965 quale
237 917 376 951 tamen
396 908 467 949 vix
487 915 601 949 extat
620 908 664 948 in
684 922 822 948 rerum
843 907 1002 948 natura.
1065 908 1348 950 Attractiones
1368 908 1478 950 enim
1498 908 1590 950 fieri
1610 908 1744 950 solent
1757 909 1810 950 ad

97 993 298 1035 corpora3
329 986 372 1020 et
391 992 613 1033 corporum
632 977 884 1019 trahentium
905 985 947 1019 et
965 985 1234 1019 attractorum
1254 978 1443 1020 actiones·
1465 993 1629 1034 semper
1656 987 1812 1021 mutuae

95 1060 193 1094 sunt
212 1060 255 1094 et
273 1051 466 1108 aequales,
486 1065 563 1106 per
581 1050 716 1108 legem
735 1050 922 1092 tertiam:
954 1050 1060 1092 adeo
1079 1058 1127 1092 ut
1145 1065 1282 1107 neque
1300 1050 1510 1093 attrahens
1525 1051 1657 1106 possit
1676 1051 1812 1108 quies-

94 1137 187 1164 cere
205 1137 342 1178 neque
361 1129 592 1172 attractum,
615 1121 650 1163 si
679 1120 764 1162 duo
797 1121 878 1162 sint
902 1135 1090 1176 corpora,
1114 1121 1188 1164 sed
1219 1122 1266 1177 (³)
1297 1121 1421 1163 ambo
1452 1124 1545 1178 (per
1563 1121 1705 1179 legum
1727 1123 1811 1165 Co-

95 1192 310 1234 rollarium
330 1191 539 1248 quartum)
571 1191 686 1248 quasi
721 1191 964 1251 attractione
998 1190 1155 1242 mutua,
1189 1192 1346 1233 circum
1379 1192 1589 1249 gravitatis
1623 1200 1812 1234 centrmn

94 1278 316 1305 commune
336 1262 593 1304 revolvantui
616 1278 626 1304 :
658 1271 699 1304 et
719 1262 753 1304 si
771 1262 894 1318 plura
914 1262 994 1304 sint
1014 1277 1202 1318 corpora,
1234 1277 1328 1318 quae
1357 1263 1423 1304 vel
1452 1263 1505 1304 ab
1535 1263 1658 1305 unico
1686 1271 1812 1305 attra-

91 1333 256 1384 hantur,
279 1342 321 1376 et
338 1333 450 1375 idem
469 1333 691 1383 attrahant,
712 1333 779 1375 vel
798 1333 940 1374 omnia
959 1349 1004 1375 se
1023 1341 1169 1375 mutuo
1188 1333 1423 1384 attrahant3
1454 1333 1546 1375 haec
1565 1333 1623 1375 ita
1637 1334 1746 1376 inter
1761 1349 1806 1376 se

91 1407 249 1449 moveri
269 1406 461 1456 debeant,
483 1413 531 1447 ut
549 1406 758 1462 gravitatis
779 1413 965 1448 centrum
986 1421 1206 1449 commune
1234 1407 1299 1449 vel
1335 1407 1531 1463 quiescat,
1563 1407 1630 1449 vel
1649 1407 1810 1449 unifor-

82 1481 214 1522 'miter
232 1488 447 1521 moveatur
466 1480 510 1519 in
530 1479 748 1522 directum.
810 1479 906 1530 Qua
927 1480 981 1521 de
1012 1480 1134 1522 causa
1159 1480 1247 1536 jam
1267 1494 1399 1538 pergo
1418 1488 1576 1521 motum
1598 1495 1811 1535 exponere

92 1568 314 1608 corporum
335 1567 381 1595 se
400 1560 546 1596 mutuo
578 1553 842 1604 trahentium,
874 1552 1178 1594 considerando
1197 1552 1305 1594 vires
1336 1552 1584 1607 centripetas
1615 1560 1810 1609 tanquam

91 1626 366 1677 attractiones,
394 1629 581 1682 quamvis
601 1625 786 1675 fortasse,
809 1625 841 1665 si
861 1624 1032 1681 physice.
1052 1625 1285 1681 loquamur,
1302 1624 1437 1665 verius
1452 1623 1643 1665 dicantur
1661 1625 1812 1680 impul·

91 1712 175 1742 sus.
234 1701 286 1748 In
305 1698 605 1753 mathematicis
626 1698 736 1739 enim
750 1698 839 1753 jam
858 1712 1101 1747 versamur3
1132 1705 1174 1740 et
1198 1705 1433 1753 propterea,
1461 1697 1594 1739 missis
1625 1697 1811 1753 disputa-

90 1772 272 1814 tionibus
302 1770 496 1827 physicis,
527 1769 719 1811 familiari
752 1769 909 1810 utimur
942 1783 1144 1820 sermone,
1181 1784 1265 1825 quo
1297 1770 1501 1824 possimus
1532 1785 1559 1812 a
1587 1769 1810 1812 lectoribus

91 1843 391 1886 mathematicis
411 1841 568 1884 facilius
587 1840 775 1899 intelligi.

391 1990 772 2060 PRoros1T1o
803 2017 945 2060 Lvn.
1005 2017 1369 2061 THEOREMA
1400 2018 1508 2061 xx.

94 2146 271 2198 Corpora
304 2143 351 2197 (ι)
382 2145 457 2184 duo
475 2158 516 2184 se
535 2144 693 2184 invicem
714 2144 914 2184 trahentia
935 2139 1167 2193 desc'ribunt,
1198 2149 1236 2184 et
1254 2144 1395 2184 circum
1414 2157 1607 2185 commune
1635 2151 1806 2187 centrum

438 2216 666 2269 gravitatis,
687 2221 726 2256 et
739 2216 880 2256 circum
899 2229 940 2257 se
957 2212 1099 2266 mutuo,
1103 2216 1267 2270 figuras
1283 2217 1440 2259 similes.

153 2347 259 2388 Sunt
290 2345 343 2400 (¹¹)
375 2344 485 2385 enim
507 2343 712 2385 distantiae
732 2358 954 2399 corporum
985 2359 1011 2385 a
1036 2344 1247 2386 communi
1279 2345 1491 2402 gravitatis
1526 2354 1671 2387 centro
1703 2347 1808 2388 reci-

90 2418 217 2475 proce
237 2416 566 2473 proportionales
587 2417 844 2472 corporibus,
867 2425 990 2473 atque
1009 2417 1105 2458 ideo
1124 2418 1167 2457 in
1188 2416 1282 2458 data
1303 2417 1463 2458 ratione
1482 2417 1536 2459 ad
1555 2418 1744 2469 invicem,
1766 2427 1809 2461 et

91 2489 381 2545 componendo
400 2490 444 2530 in
463 2487 559 2530 data
580 2489 740 2530 ratione
760 2488 814 2530 ad
833 2488 1071 2530 distantiam
1090 2496 1220 2530 totam
1238 2489 1348 2530 inter
1363 2503 1550 2544 corpora.
1598 2490 1807 2533 Feruntur

90 2570 229 2603 autem
247 2561 315 2602 hae
335 2561 541 2605 distantiae
562 2561 717 2602 circum
736 2560 959 2603 terminum
980 2576 1101 2602 suum
1122 2575 1383 2602 communem
1409 2562 1558 2617 aequali
1588 2572 1704 2604 motu
1734 2579 1807 2605 an-

63 2671 65 2673 .
90 2633 238 2691 gulari,
259 2641 482 2689 propterea
500 2633 613 2689 quod
631 2633 676 2675 in
695 2633 899 2676 directum
921 2648 1083 2691 semper
1107 2634 1292 2690 jacentes
1321 2648 1407 2676 non
1438 2643 1602 2678 mutant
1630 2636 1806 2678 inclina-

137 2762 178 2805 (')
202 2765 220 2783 ⁰
244 2765 300 2795 Sed
313 2766 398 2796 ambo
420 2764 491 2804 (per
503 2766 559 2804 leg.
581 2765 676 2796 Corol.
695 2766 749 2805 4.)
771 2774 857 2805 quan
876 2770 926 2796 at·
967 2762 1125 2804 pergendo
1139 2762 1178 2794 de
1195 2763 1217 2794 S
1230 2762 1271 2794 ad
1287 2763 1317 2794 T
1331 2769 1362 2794 et
1382 2763 1422 2794 de
1438 2764 1467 2795 P
1481 2765 1521 2795 ad
1538 2764 1581 2801 Q,
1603 2764 1719 2796 similes
1731 2774 1805 2799 sunt

90 2807 237 2838 tractim
250 2806 359 2838 mutati
381 2806 431 2837 vel
445 2807 484 2837 ad
499 2817 532 2837 se
545 2806 678 2837 invicem
688 2805 771 2836 recta
785 2805 867 2836 linea
879 2806 926 2837 fe-
968 2807 1018 2836 hoe
1038 2806 1147 2847 figurae
1167 2812 1309 2846 quatuor,
1332 2806 1481 2837 nimirum
1504 2807 1533 2838 P
1562 2807 1594 2843 Q
1617 2807 1655 2844 C,
1680 2808 1702 2838 S
1718 2810 1749 2840 T
1765 2811 1802 2848 C,

90 2855 208 2885 rantur,
224 2848 283 2885 vel,
299 2848 326 2878 si
339 2851 430 2879 ambo
444 2849 474 2879 vi
494 2848 641 2888 impressa
661 2848 785 2889 oblique
805 2849 926 2890 projici·
969 2859 1045 2889 quas
1059 2858 1186 2887 corpora
1210 2848 1231 2879 S
1256 2854 1286 2878 et
1310 2849 1341 2882 P
1361 2850 1441 2879 circa
1461 2859 1627 2879 commune
1647 2852 1804 2890 gravitatis

90 2897 199 2927 untur,
215 2892 327 2921 circum
340 2893 495 2929 gravitatis
515 2898 656 2923 centrum
677 2903 838 2923 commune
858 2893 927 2932 qui·
969 2899 1111 2922 centrum
1128 2891 1155 2921 C
1170 2891 1355 2929 describunt,
1378 2898 1447 2923 tum
1461 2891 1559 2932 figura
1580 2901 1604 2931 p
1623 2893 1696 2929 QT
1707 2904 1803 2934 quam

90 2944 192 2965 cscem
204 2939 258 2963 aut
272 2933 462 2975 uniformiter
471 2936 666 2974 progrediens
680 2936 881 2966 revolvantur.
969 2943 1080 2972 corpus
1111 2933 1140 2963 P
1165 2933 1308 2963 describit
1332 2934 1412 2965 circa
1439 2944 1551 2973 corpus
1581 2937 1604 2966 S
1631 2943 1802 2975 spectatum

135 2974 178 3017 (t)
202 2977 220 2994 ⁹
247 2977 376 3015 L'orpora
398 2978 469 3007 duo.
516 2977 534 3013 ί
543 2979 607 3007 Vid.
621 2979 684 3019 fig.
702 2978 736 3007 in
750 2978 815 3007 sub.
829 2979 924 3017 pag.)
968 2982 1116 3016 tanquam
1140 2976 1314 3012 immotum,
1341 2983 1372 3007 et
1394 2976 1496 3017 figura
1516 2989 1542 3008 a·
1557 2977 1587 3008 T
1603 2978 1645 3017 Q,
1667 2989 1762 3021 quam
1779 2981 1802 3012 S

92 3018 126 3048 Si
148 3027 275 3057 corpora
288 3018 352 3048 duo
369 3018 400 3054 S,
426 3017 456 3047 P
469 3028 502 3047 se
516 3018 648 3048 invicem
662 3019 811 3049 trahentia
826 3019 925 3048 revul-
967 3017 1047 3048 circa
1063 3018 1092 3048 P
1107 3018 1246 3048 similiter
1260 3025 1430 3057 spectatum
1445 3019 1595 3051 describit.

89 3066 202 3091 tantur
226 3058 307 3090 circa
334 3069 502 3090 commune
530 3061 686 3100 gravitatis
713 3067 855 3092 centrum
887 3061 948 3133 C,U
1011 3060 1057 3102 (ι)
1083 3063 1100 3080 ⁸
1124 3064 1203 3092 Sunt
1226 3063 1306 3093 enim
1329 3063 1478 3094 distantiae
1498 3073 1658 3103 corporum
1678 3076 1698 3096 α
1719 3077 1798 3096 com-
