2086 3542
212 245 268 283 52
631 234 1081 281 PHILOSOPHIAE
1117 235 1478 281 NATURALIS
1541 236 1686 289 [Mor.
1710 237 1912 284 Conon.

266 353 394 395 Corol.
419 357 454 393 1.
487 356 501 408 (
518 362 537 381 ¹¹
554 353 569 406 )
601 350 667 394 Et
677 353 774 394 hinc
792 348 910 394 facile
931 352 1149 409 colligitur,
1171 351 1284 409 quod
1312 364 1534 407 corporum
1553 353 1704 395 similes
1724 353 1916 396 similium

206 410 434 481 figurarum
451 431 589 479 partes
623 423 877 479 temporibus
905 423 1280 478 proportionalibus
1300 422 1619 465 describentium
1639 438 1814 474 errores,
1845 422 1916 479 qui

210 494 364 536 viribus
385 494 593 551 quibusvis
613 494 837 550 aequalibus
867 493 921 535 ad
950 508 1125 549 corpora
1144 493 1329 535 similiter
1347 494 1560 549 applicatis
1579 502 1845 553 generantur,
1877 504 1920 536 et

208 572 510 616 mensurantur,
530 580 608 622 per
632 564 845 606 distantias
874 578 1095 618 corporum
1115 580 1141 605 a
1159 564 1386 620 figurarum
1406 564 1599 605 similium
1618 565 1718 606 locis
1739 565 1833 615 illis,
1865 565 1919 606 ad

209 651 303 693 quae
323 651 497 692 corpora
515 635 661 678 eadem
680 633 934 688 temporibus
954 633 1100 674 iisdem
1119 634 1494 688 proportionalibus
1530 635 1618 676 sine
1646 635 1800 677 viribus
1831 634 1920 677 istis

211 707 486 762 pervenirent,
532 713 628 747 sunt
665 712 712 746 ut
750 703 950 760 quadrata
987 710 1221 757 temporum
1259 703 1303 744 in
1342 701 1489 759 quibus
1526 713 1778 761 generantur
1796 719 1921 762 quam

212 776 414 832 proxime.
1716 831 1719 833 ι

238 839 240 841 ’
271 848 399 889 Corol.
429 850 470 888 2.
502 846 569 902 (¹)
602 846 777 893 Errores
811 851 950 886 autem
979 843 1051 900 qui
1079 843 1233 885 viribus
1266 844 1642 898 proportionalibus
1680 845 1735 888 ad
1769 845 1921 888 similes

210 917 437 974 figurarum
457 917 648 958 similium
677 918 815 972 partes
838 914 1025 970 similiter
1044 915 1256 970 applicatis
1276 924 1540 972 generantur,
1572 923 1668 958 sunt
1685 923 1732 958 ut
1749 916 1858 959 vires
1878 924 1923 959 et

213 989 413 1044 quadrata
431 996 665 1044 temporum
685 986 949 1043 conjunctim.

270 1059 398 1100 Corol.
420 1063 459 1100 3.
491 1059 566 1113 (Υ)
599 1057 717 1099 Idem
750 1055 1065 1113 intelligendum
1084 1064 1147 1097 est
1166 1055 1219 1097 de
1240 1057 1379 1112 spatiis
1400 1057 1610 1113 quibusvis
1631 1072 1724 1114 quae
1743 1070 1920 1113 corpora

211 1128 452 1184 urgentibus
473 1127 643 1169 diversis
671 1127 825 1168 viribus
840 1125 1090 1168 describunt.
1151 1126 1261 1168 Haec
1291 1135 1399 1179 sunt,
1430 1128 1522 1183 ipso
1556 1135 1692 1170 motus
1712 1128 1843 1179 initio,
1876 1135 1924 1170 ut

212 1198 319 1259 vires
340 1206 381 1239 et
401 1197 599 1253 quadrata
618 1205 851 1252 temporum
880 1197 1144 1252 conjunctim.

272 1269 401 1309 Corol.
431 1272 471 1309 4.
487 1257 687 1323 ⁴Ideoque
716 1267 824 1309 vires
853 1274 949 1308 sunt
969 1274 1015 1308 ut
1034 1267 1177 1322 spatia,
1208 1267 1300 1323 ipso
1319 1275 1456 1310 motus
1474 1268 1606 1320 initio,
1637 1268 1844 1324 descripta
1863 1268 1927 1311 di-

210 1337 322 1380 recte
342 1345 383 1379 et
401 1334 602 1394 quadrata
619 1346 853 1392 temporum
871 1328 1045 1379 inverse.

269 1409 400 1450 Corol.
432 1412 472 1450 5.
503 1402 575 1451 Et'
593 1408 793 1466 quadrata
820 1415 1056 1464 temporum
1075 1414 1172 1451 sunt
1190 1415 1238 1450 ut
1256 1407 1462 1464 descripta
1481 1409 1614 1465 spatia
1631 1408 1786 1453 directe
1805 1418 1854 1462 et,
1865 1410 1926 1453 vi-

213 1493 281 1522 res
300 1477 474 1521 inverse.

968 1589 1176 1633 Scholium.

276 1699 322 1742 Si
341 1698 586 1755 quantitates
606 1699 932 1741 indeterminatae
961 1698 1217 1741 diversorum
1240 1715 1443 1757 >generum
1457 1700 1727 1745 conferantur
1745 1703 1854 1747 inter
1874 1720 1932 1758 se,

215 1777 258 1813 et
286 1784 428 1812 earum
457 1769 594 1826 aliqua
612 1769 773 1812 dicatur
792 1785 881 1812 esse
900 1778 948 1812 ut
966 1778 1029 1812 est
1048 1770 1128 1812 alia
1147 1771 1300 1827 quaevis
1320 1770 1480 1814 directe
1493 1772 1559 1814 vel
1587 1772 1766 1816 inverse:
1789 1790 1933 1819 sensus

213 1879 319 1910 motus
342 1878 433 1910 initio
455 1884 605 1921 tanquam
624 1879 828 1912 immutabilis
847 1880 978 1921 spectari
992 1889 1050 1920 po-
1094 1880 1305 1912 ac'celeratrice
1318 1880 1519 1913 sollicitatum
1532 1882 1631 1922 spatia
1646 1882 1678 1914 E
1695 1882 1732 1920 C,
1754 1893 1774 1915 e
1786 1894 1812 1921 c,
1827 1884 1932 1917 diver.

215 1927 287 1954 test.
1095 1923 1138 1954 sis
1161 1924 1352 1963 temporibus
1379 1923 1570 1960 describeret,
1591 1925 1730 1966 adeoque
1754 1927 1854 1966 spatia
1877 1929 1933 1960 illa

1088 1972 1169 2002 sunt,
1192 1966 1259 2005 ipso
1283 1972 1388 1997 motus
1400 1966 1501 2003 initio,
1526 1972 1563 1999 ut
1582 1978 1624 2008 qu
1754 1974 1933 2010 temporum

1087 2009 1200 2049 quibus
1224 2012 1446 2048 percurruntur
1473 2009 1581 2047 (Lem.
1601 2011 1667 2050 X.)
1696 2010 1726 2041 B
1745 2011 1782 2048 C,
1811 2013 1832 2043 b
1846 2022 1873 2048 c,
1899 2022 1932 2046 et

1090 2051 1204 2092 quibus
1229 2051 1346 2092 absque
1374 2051 1488 2082 virium
1524 2052 1774 2093 perturbantium
1801 2055 1930 2086 actione

1090 2099 1346 2134 percurrerentur
1370 2104 1460 2126 arcus
1480 2094 1596 2125 similes
1624 2095 1653 2126 B
1671 2095 1714 2133 E,
1737 2097 1759 2127 b
1772 2106 1808 2135 e;
1829 2097 1856 2128 si
1870 2097 1932 2140 igi-

1088 2142 1141 2167 tur
1155 2137 1234 2168 vires
1247 2136 1311 2167 illae
1328 2138 1542 2176 perturbantes
1556 2139 1774 2176 supponantur
1787 2144 1935 2171 constan.

1089 2186 1144 2215 tes,
1167 2179 1266 2218 spatia
1294 2179 1324 2210 E
1345 2180 1382 2216 C,
1408 2189 1426 2210 e
1441 2189 1467 2215 c,
1496 2189 1561 2210 non
1586 2179 1690 2211 solum
1713 2180 1820 2212 motus
1832 2181 1933 2220 initio,

1091 2221 1147 2253 sed
1171 2227 1202 2253 et
1226 2228 1364 2261 tempore
1394 2221 1483 2252 finito
1497 2221 1660 2261 descripta,
1684 2228 1777 2254 erunt
1796 2229 1833 2255 ut
1852 2227 1933 2264 prde-

1093 2265 1248 2296 dictorum
1276 2270 1455 2304 temporum
1479 2264 1629 2305 quadrata
1654 2263 1740 2307 (27).
1797 2265 1893 2298 Unde
1906 2267 1933 2298 si

1092 2306 1264 2339 admodum
1289 2307 1403 2348 exigua
1416 2306 1456 2338 sit
1477 2306 1593 2337 ’virium
1604 2308 1862 2346 ‘perturbantium
1875 2318 1931 2340 va-

1095 2349 1197 2387 riatio,
1219 2349 1317 2389 spatia
1338 2359 1394 2380 seu
1416 2358 1532 2380 errores
1557 2354 1767 2390 erunt-quam
1789 2351 1931 2390 proxime

1098 2398 1134 2423 ut
1148 2391 1296 2433 quadrata
1309 2397 1496 2431 temporum.

264 2567 313 2609 (u)
340 2571 411 2598 118.
440 2568 578 2606 Corpora
591 2566 655 2597 duo
673 2567 702 2598 A
718 2574 750 2598 et
763 2578 791 2604 a,
815 2578 922 2598 curvas
943 2567 1057 2598 similes

224 2611 257 2641 A
276 2611 303 2640 B
322 2611 361 2646 E,
385 2621 405 2640 a.
417 2612 439 2641 b
453 2620 479 2646 e,
502 2610 688 2650 illarumque
713 2617 813 2649 partes
833 2610 948 2640 similes
966 2610 996 2640 A
1015 2610 1053 2644 B,

220 2664 240 2684 a
254 2654 284 2687 b,
313 2653 349 2686 B,
359 2653 399 2688 Ε,
415 2654 436 2683 b
452 2663 480 2690 e,
503 2651 694 2691 temporibus
707 2652 986 2691 proportionalibus
1001 2651 1055 2682 de-

220 2697 374 2732 scribant;
413 2695 537 2725 duobus
571 2694 654 2724 hisce
689 2694 875 2733 corporibus,
913 2705 987 2724 cum
1016 2694 1056 2724 ad

219 2744 342 2777 puncta
359 2739 387 2768 B
404 2743 435 2767 et
448 2739 478 2772 b,
503 2736 705 2776 pervenerint,
728 2737 881 2767 accedunt
901 2746 990 2775 novae
1010 2736 1055 2765 vi-

220 2790 270 2810 res
297 2779 524 2810 acceleratrices
545 2779 625 2810 inter
649 2789 682 2809 se
707 2779 841 2820 aequales
863 2785 894 2809 et
915 2778 1057 2808 similiter

221 2822 392 2860 applicatae,
415 2833 484 2862 quae
505 2822 657 2862 prioribus
671 2822 785 2852 viribus
799 2820 913 2852 additae
928 2831 1058 2859 corpora

222 2864 365 2895 deferant
381 2875 433 2903 per
447 2874 537 2895 arcus
552 2866 580 2895 B
599 2864 634 2899 C,
657 2866 679 2895 b
693 2874 720 2895 c·
765 2864 949 2904 Jungantur
963 2869 1057 2893 rectae

224 2906 259 2938 E
275 2908 310 2940 C,
335 2916 392 2944 ee.
415 2917 485 2946 quae
508 2917 626 2937 errores
641 2906 706 2937 solii
719 2906 832 2948 virium
846 2906 1056 2945 perturbanti-

224 2958 281 2979 um
297 2948 416 2978 actione
431 2950 553 2988 genitos
569 2945 743 2988 e'xponent3
769 2949 878 2980 Lineae
899 2948 982 2978 enim
997 2947 1059 2977 illoe

224 2997 300 3021 sunt
324 2991 422 3029 spatia
444 2991 508 3021 sola
532 2992 645 3022 virium
669 2991 916 3030 perturbantium
940 2990 1058 3020 actione

224 3033 388 3072 descripta.
439 3033 521 3063 Cum
536 3041 640 3064 autem
656 3035 734 3065 vires
758 3035 971 3073 perturbantes
986 3043 1060 3071 sup-

224 3083 381 3118 ponantur
406 3076 538 3114 aequalcs
562 3083 592 3107 et
615 3077 754 3108 similiter
778 3076 946 3116 applicata,
971 3074 1053 3105 idem

225 3119 406 3160 contingere
426 3117 517 3149 debet
538 3129 573 3150 ac
587 3118 613 3149 si
635 3129 747 3160 corpus
761 3119 888 3161 aliquod
901 3116 1010 3150 eadem
1023 3117 1055 3148 vi

1145 2433 1194 2477 (Χ)
1220 2438 1289 2467 119.
1316 2434 1445 2465 Errores
1468 2439 1574 2464 autem
1597 2433 1652 2474 qui
1677 2428 1794 2466 viribus
1807 2445 1935 2476 propor-

1101 2476 1276 2514 tionalibus,
1300 2487 1354 2508 seu
1379 2475 1495 2507 viribus
1515 2476 1548 2506 in
1569 2473 1642 2507 data
1662 2476 1783 2508 ratione
1804 2478 1938 2510 existen-

1100 2520 1191 2554 tibus,
1214 2518 1254 2549 ad
1278 2518 1394 2549 similes
1416 2518 1591 2559 figurarum
1606 2518 1757 2550 similium
1780 2522 1938 2560 partessi-

1099 2562 1214 2592 militer
1238 2561 1396 2601 applicatis
1419 2567 1618 2602 generantur,
1642 2568 1717 2592 sunt
1742 2568 1779 2593 ut
1803 2563 1884 2594 vires
1905 2571 1937 2596 et

1098 2603 1247 2646 quadrata
1268 2610 1442 2643 temporum
1467 2603 1669 2645 conjunctim.
1716 2604 1802 2635 Nam
1815 2604 1843 2635 si
1857 2611 1956 2646 tem--

1098 2656 1173 2685 pora
1194 2652 1268 2676 sunt
1293 2646 1410 2681 eadem,
1434 2657 1551 2677 errores
1573 2652 1649 2676 sunt
1662 2645 1707 2675 ‘in
1729 2645 1801 2678 data
1815 2647 1935 2680 ratione

1097 2688 1224 2726 virium;
1247 2690 1273 2719 si
1301 2689 1381 2719 vires
1409 2695 1482 2720 sunt
1510 2688 1637 2724 eaedem,
1668 2697 1786 2719 errores
1800 2696 1875 2721 sunt
1900 2691 1934 2723 in

1099 2731 1254 2771 duplicata
1267 2731 1386 2762 ratione
1409 2738 1586 2771 temporum
1599 2729 1714 2771 quibus
1726 2739 1938 2771 generantia-3

1098 2774 1171 2804 cum
1186 2774 1282 2815 igitur
1296 2775 1373 2805 vires
1388 2780 1418 2805 et
1432 2780 1574 2813 tempora
1583 2772 1712 2807 variant,
1731 2783 1848 2804 errores
1862 2782 1937 2807 sunt

1099 2817 1133 2846 in
1159 2817 1277 2848 ratione
1303 2815 1472 2855 composita
1494 2826 1533 2846 ex
1547 2814 1619 2846 daut
1640 2814 1755 2846 virium
1769 2816 1890 2848 ratione
1904 2824 1938 2850 et

1099 2859 1256 2898 duplicati
1270 2866 1453 2898 temporum.

1146 2901 1191 2942 (y)
1229 2904 1299 2932 190.
1324 2902 1408 2932 Nam
1432 2900 1511 2931 vires
1540 2899 1644 2930 motus
1672 2900 1761 2932 initio

1101 2949 1275 2974 constantes
1300 2943 1404 2974 haberi
1430 2949 1560 2982 possunt
1583 2942 1816 2984 (117);,dupla
1830 2951 1935 2976 autem

1101 2985 1206 3026 spatia,
1231 2985 1368 3026 adeoque
1393 2985 1543 3024 simplicia
1571 2985 1678 3024 spatia,
1711 2996 1781 3026 quae
1808 2995 1935 3027 corpora

1101 3028 1285 3069 urgentibus
1298 3028 1414 3058 viribus
1428 3027 1642 3058 constantibus
1657 3028 1846 3066 describunt,
1862 3034 1936 3060 sunt

1095 3078 1132 3101 ut
1146 3071 1222 3102 vires
1238 3077 1268 3101 et
1282 3070 1430 3111 quadrata
1441 3076 1619 3109 temporum
1635 3067 1826 3112 cdnjunctim
1843 3070 1915 3113 (30)

1096 3125 1186 3157 ergo‘
1203 3113 1300 3154 spatia
1326 3124 1397 3155 quae
1431 3123 1562 3154 corpora
1597 3113 1782 3154 urgentibus
1812 3112 1936 3145 divensi·
