2086 3542
286 243 367 280 364
685 239 1135 286 PHILOSOPHIAE
1165 240 1524 291 NATURALIS
1605 247 1751 298 [Mo‘r.
1770 250 1972 297 Comma.

483 423 858 470 PROPOSITIO
892 426 1107 471 LXXVI.
1167 429 1525 475 THEOREMA
1556 432 1778 477 XXXVI.

279 552 327 595 Si
335 552 499 606 sphaerae
512 555 556 596 in
560 568 768 610 progressu
781 571 808 597 α
822 562 952 597 centro
965 559 1022 600 ad
1033 559 1377 612 circuvfferentiam
1394 559 1550 615 (quoad
1562 563 1736 604 materiae
1750 563 1976 605 densitatem

332 631 371 666 et
389 626 465 667 vim
483 628 759 684 attractivam)
779 634 965 681 utcunque
985 630 1249 681 dissimilares,
1272 632 1314 672 in
1325 645 1536 685 progressu
1564 629 1653 674 verb
1672 648 1751 688 per
1778 635 1976 676 circuitum

333 698 389 737 ad
406 698 539 738 datam
558 712 702 738 omnem
721 712 747 737 a
766 704 898 738 centro
917 700 1145 740 distantiam
1166 706 1253 740 sunt
1272 702 1440 755 undique
1453 703 1644 744 similares
1659 725 1675 749 ,·
1706 711 1743 745 et
1756 705 1814 746 vis
1827 711 1977 748 attrac÷

330 768 415 809 tiva
425 768 567 820 puncti
584 767 761 821 cujusque
780 769 962 809 decrescit
990 770 1032 809 in
1064 769 1268 822 duplicatd
1296 772 1450 812 ratione
1481 773 1680 814 distantiae
1709 776 1880 828 corporis
1911 782 1976 817 at-

276 848 283 849 ’
330 839 451 880 tracti
465 857 478 878 .·
509 840 596 878 dico
615 839 716 891 quod
734 839 792 879 vis
812 845 909 889 tota,
932 839 1009 893 qud
1028 840 1243 895 hujusmodi
1268 843 1422 897 sphaera
1452 858 1531 886 una
1558 846 1728 887 attrahit
1756 847 1890 896 aliam,
1922 849 1975 891 sit

328 906 521 963 reciproce?
533 909 845 962 proportionalis
865 912 1058 964 quadrato
1077 913 1277 955 distantiae
1295 921 1520 959 centrorum.

331 1036 463 1077 Sunto
484 1034 660 1089 sphaerae
682 1042 943 1092 quotcunque
964 1039 1236 1082 concentricae
1266 1038 1465 1084 similare's
1486 1043 1528 1085 A
1550 1043 1600 1094 B,
1625 1043 1669 1085 Cv
1683 1044 1743 1095 D,
1766 1043 1804 1086 E
1826 1044 1874 1095 F,
1896 1046 1971 1090 &c.

272 1120 446 1162 quarum
481 1105 696 1147 interiores
728 1105 878 1147 additae
910 1108 1181 1151 exterioribus
1217 1120 1465 1167 componant
1497 1114 1711 1156 materiam
1740 1114 1973 1158 densiorem

269 1192 410 1221 versus
438 1185 636 1227 centrum,
671 1176 736 1218 vel
768 1178 981 1222 subductae
1012 1180 1245 1238 relinquant
1277 1185 1504 1228 tenuiorem
1515 1202 1528 1236 3
1559 1194 1600 1228 et
1628 1186 1695 1227 hae
1730 1189 1822 1242 (per
1843 1186 1970 1243 Prop-

270 1248 477 1301 LXXV.)
562 1248 724 1290 trahent

244 1318 449 1376 ‚sphaeras
478 1319 575 1360 alias
604 1325 722 1375 quot·
1057 1325 1110 1364 A

266 1405 427 1447 cunque
444 1390 721 1433 concentricas
882 1367 1354 1527 sqN
1743 1395 1782 1438 G·

266 1460 462 1501 similares
485 1461 527 1502 G
543 1460 604 1511 H,
623 1461 644 1502 I
663 1460 717 1512 K,
1733 1460 1762 1503 Ι
1782 1485 1785 1487 “

266 1529 304 1572 L
338 1531 402 1582 M,
436 1532 510 1573 διο.
547 1531 719 1588 singulae
1725 1545 1766 1589 L

263 1602 453 1658 singulas,
482 1602 634 1644 viribus
655 1617 719 1644 re-

264 1671 426 1725 ciproce
432 1672 715 1726 proportiona-

262 1740 368 1782 libus
403 1741 603 1797 quadrato
637 1742 718 1783 dis-

259 1811 399 1852 tantiae
421 1812 451 1853 S
474 1812 521 1853 P.
583 1813 626 1867 (¹)
662 1813 717 1853 Et

260 1883 548 1936 componendo
568 1883 632 1924 vel
657 1884 717 1928 di-

257 1950 446 2001 videndo,
478 1967 635 1994 summa
654 1954 712 1994 vi-

255 2022 364 2065 rium
392 2023 552 2066 illarum
582 2025 713 2066 omni-

257 2109 341 2146 um,
366 2097 430 2138 vel
450 2112 642 2139 excessus
663 2098 891 2154 aliquarum
912 2112 1036 2153 supra
1055 2097 1178 2147 alias;
1208 2097 1289 2138 hoc
1309 2105 1383 2148 est,
1404 2097 1478 2148 vis,
1501 2095 1580 2153 qufi
1600 2095 1764 2151 sphaera
1781 2102 1881 2147 tota,
1909 2110 1963 2138 ex

260 2169 530 2210 concentricis
551 2169 859 2226 quibuscunque
878 2169 943 2210 vel
973 2169 1322 2211 concentricarum
1342 2167 1580 2209 differentiis
1600 2168 1826 2223 composita
1845 2169 1885 2211 A
1909 2169 1961 2219 133
1999 2199 2003 2206 .

258 2239 388 2280 trahit
408 2247 535 2281 totam
558 2254 610 2282 ex
631 2240 899 2282 concent-ricis
920 2240 1230 2295 quibuscunque
1250 2239 1315 2279 vel
1345 2239 1693 2280 concentricarum
1723 2238 1961 2282 differentiis

257 2311 527 2365 compositam
553 2311 592 2353 G
618 2311 666 2352 H
681 2327 691 2361 3
718 2311 801 2352 *erit
820 2311 863 2351 in
875 2310 1020 2352 eadem
1036 2310 1204 2351 ratione.
1265 2310 1480 2365 Augeatur
1495 2323 1690 2350 numerus
1706 2308 1960 2364 sphaerarum

256 2382 611 2423 concentricarum
631 2382 674 2422 in
693 2382 901 2423 infinitum
922 2381 992 2431 sic,
1015 2388 1061 2421 ut
1077 2380 1260 2421 materiae
1279 2379 1458 2421 densitas
1472 2378 1555 2420 una
1569 2393 1663 2420 cum
1678 2380 1718 2420 vi
1732 2381 1957 2432 attractivfi,

253 2453 296 2493 in
320 2468 541 2510 progressu
562 2468 587 2493 a
605 2451 931 2494 circumferentia
952 2451 1004 2493 ad
1024 2458 1225 2501 centrum,
1254 2450 1480 2492 secundum
1508 2449 1643 2506 legem
1673 2465 1958 2508 quamcunque

257 2533 414 2567 crescat
434 2525 496 2566 vel
518 2524 748 2574 decrescat3
780 2532 833 2574 et,
856 2522 993 2566 addita
1014 2522 1180 2564 materia
1202 2537 1287 2563 non
1307 2523 1530 2574 attractiva,
1553 2523 1806 2579 compleatur
1823 2523 1956 2566 ubivis

252 2597 431 2638 densitas
453 2597 660 2647 deficiens,
684 2611 733 2637 eo
754 2604 800 2637 ut
819 2596 994 2651 sphaerae
1019 2595 1232 2650 acquirant
1259 2594 1433 2637 formam
1463 2597 1647 2652 quamvis
1677 2603 1883 2651 optatam3
1912 2604 1955 2637 et

297 2753 338 2794 (¹)
363 2755 379 2772 ⁸
405 2754 449 2784 Et
464 2753 664 2792 componendo
680 2752 724 2782 vel
739 2751 903 2794 divfflendp,
920 2749 974 2779 διο.
1011 2747 1085 2778 Hoc
1126 2747 1276 2777 inversam
1305 2746 1444 2788 quadrati
1477 2747 1626 2796 distantis?
1661 2753 1845 2796 centron-um,
1879 2746 1954 2791 erga

254 2801 308 2832 est,
327 2796 359 2824 in
373 2794 446 2826 data
460 2793 604 2824 distantia
625 2798 800 2824 centron-um
822 2789 1035 2822 communium
1053 2789 1084 2826 S,
1128 2799 1248 2820 summa
1275 2789 1324 2820 vel
1357 2789 1528 2820 differentia
1560 2799 1671 2819 vinum
1703 2791 1816 2837 quibus
1846 2799 1954 2821 omnes

258 2837 294 2870 P.
318 2837 354 2866 sit
380 2836 519 2867 attractio
541 2837 728 2875 sphaerarum
755 2835 784 2865 G
802 2834 846 2867 H.
866 2833 882 2864 I
902 2833 946 2869 K,
964 2831 992 2863 L
1009 2831 1046 2862 M
1067 2828 1087 2860 ὲ
1129 2831 1254 2870 sphaerae
1272 2831 1301 2862 G
1318 2831 1365 2867 H,
1382 2831 1400 2862 1
1418 2831 1460 2880 If,
1478 2830 1596 2881 L.M,.⁸
1609 2831 1733 2881 {Phaersss
1756 2831 1845 2880 413,
1863 2831 1890 2863 C
1907 2831 1951 2870 D,

253 2878 371 2917 sphaerfi
391 2879 419 2908 A
438 2879 476 2915 B,
493 2889 520 2914 a,
535 2879 566 2914 b,
583 2887 621 2915 c;
644 2888 662 2907 a
684 2875 802 2916 sphaerfi
820 2876 846 2907 C
863 2875 906 2912 D,
923 2874 953 2911 d,
970 2884 996 2909 e,
1013 2873 1046 2911 ἲς
1070 2885 1089 2903 a
1131 2873 1162 2904 E
1180 2872 1207 2903 F
1221 2874 1415 2921 attrabuntur
1428 2882 1460 2921 ¹.¹¹
1475 2882 1574 2921 prima
1588 2872 1738 2921 distantia.
1754 2880 1811 2904 ent
1820 2873 1860 2904 nd
1869 2883 1953 2922 tiu-m-

254 2920 372 2958 sphaera
391 2921 419 2949 E
439 2920 474 2956 F,
491 2931 523 2960 g,
541 2921 573 2956 h,
589 2920 620 2949 i:
647 2920 781 2950 variante
795 2916 867 2948 vero
879 2916 934 2947 ina
946 2914 1090 2946 distantia
1129 2924 1213 2946 mam
1227 2915 1276 2944 vel
1290 2915 1491 2962 differentiam
1510 2924 1620 2962 vlt-lum
1640 2925 1672 2945 in
1694 2915 1790 2946 altero
1810 2924 1883 2947 casu
1901 2925 1951 2948 ul-

253 2962 464 2992 communium
488 2968 663 2991 centrorum
689 2962 719 2996 S,
746 2961 774 2991 P
789 2960 869 2990 vires
893 2968 1001 2990 omnes
1024 2957 1086 2987 inae
1128 2955 1211 2988 verse
1226 2962 1260 2987 ut
1275 2956 1421 2998 quadrata
1434 2955 1655 2987 distantiarum.

252 3004 455 3034 mutabuntur
470 3002 634 3042 respective
650 3002 821 3034 secundum
836 3000 986 3032 rationem
1000 2999 1087 3031 issam
