2086 3542
228 258 277 294 18
660 256 1113 301 PHILOSOPHIAE
1144 259 1504 306 NATURALIS

1624 267 1821 318 [AxioM.
1842 261 1938 314 suut

223 373 398 421 utraque
417 364 572 407 feretur
592 381 745 423 corpus
759 369 863 410 illud
874 369 1026 411 >eodem
1042 377 1228 426 tempore
1239 373 1282 413 in
1295 373 1504 430 diagonali
1519 377 1570 418 ab
1587 378 1627 419 A
1642 379 1694 420 ad
1708 380 1766 422 D.
1827 381 1936 424 Nam

223 434 275 490 (b)
297 435 492 491 quoniam
510 436 571 479 vis
593 436 637 478 N
656 438 742 494 agit
771 439 999 481 secundum
1026 440 1179 482 lineam
1207 443 1249 483 A
1271 442 1307 484 C
1327 444 1408 498 ipsi
1430 446 1467 486 B
1488 446 1533 488 D
1562 449 1813 501 parallelam,
1845 451 1938 494 haec
1995 459 1997 462 ’

222 505 285 551 vis,
300 521 377 562 per
391 507 550 565 Legem
570 514 635 550 11.
649 510 753 551 nihil
769 512 945 553 mutabit
956 512 1212 555 velocitatem
1226 517 1451 559 accedendi
1467 519 1519 560 ad
1534 520 1685 563 lineam
1704 523 1816 564 illam
1829 515 1875 565 'B
1889 524 1936 566 D

220 591 244 618 a
264 577 311 619 vi>
326 577 454 619 altera
474 579 669 635 genitam.
683 607 686 611 ‚
715 581 901 624 Accedet
920 583 1046 639 igitur
1061 599 1212 639 corpus
1227 587 1374 628 eodem
1388 597 1574 645 tempore
1589 592 1642 633 ad
1656 594 1807 636 lineam
1824 594 1861 636 B
1874 595 1933 647 D,

218 650 305 695 sive
326 651 386 693 vis
408 651 452 693 N
471 652 744 708 imprimatur,
777 654 862 696 sive
880 668 999 705 non,
1022 656 1069 711 (⁰)
1091 664 1214 712 atque
1233 658 1328 700 ideo
1347 660 1391 700 in
1410 661 1493 703 fine
1514 663 1623 705 illius
1652 667 1849 720 temporis
1869 681 1935 708 re-

222 744 418 786 ambiguitas,
442 745 521 776 nihil
535 745 622 777 aliu-d
643 756 699 786 per
711 748 792 778 hanc
806 747 911 789 legem
924 746 1066 778 intellec-

223 793 293 817 tum
306 787 459 823 volumus,
476 788 537 818 nisi
548 789 682 830 aequales
692 790 760 820 fieri
770 790 804 820 in
816 800 943 830 corpore
953 795 1066 831 agente

222 835 254 860 ct
268 829 405 869 patiente
426 830 524 861 statiis
546 832 750 871 mutationes;
773 831 847 863 cum
869 833 956 863 enim
978 832 1068 863 nulla

223 873 318 911 possit
332 883 397 903 esse
418 873 499 904 aetio
520 874 657 914 corporis
681 875 715 905 in
736 874 823 906 aliud
844 885 965 914 corpuS,
990 875 1068 916 quin

222 921 335 945 mutua
348 915 403 946 fiat
417 916 566 947 horumce
581 927 746 957 corporum
767 917 887 948 collisio
910 918 971 960 (8),
994 929 1067 948 mu-

222 957 299 987 tatio
313 957 411 988 status
432 959 592 998 aequaliter
614 960 648 989 in
662 966 795 1000 utroque
818 970 945 1000 corpore
969 961 1063 1000 recipi

221 999 329 1038 debet;
351 999 437 1031 unde
459 1001 533 1032 licet
553 1001 669 1032 actioni
692 1003 820 1043 aequalis
839 1013 960 1042 semper
980 1003 1020 1034 sit
1034 1009 1066 1034 et

221 1042 374 1073 contraria
387 1043 511 1080 reactio,
535 1054 599 1074 non
614 1044 729 1076 ichrco
743 1051 848 1075 tamen
862 1045 944 1075 inter
957 1056 1069 1084 corpus

221 1095 318 1125 agens
332 1091 364 1116 et
383 1085 505 1125 patiens
526 1086 592 1116 fieri
618 1086 710 1118 debet
731 1087 950 1128 aequilibrium,
974 1088 1068 1128 idque

224 1128 432 1159 Newtoniano
458 1128 602 1168 exemplo
624 1129 827 1160 manifestum
849 1135 896 1160 est
903 1142 914 1168 ;
944 1130 970 1160 si
994 1130 1068 1171 equi

221 1170 357 1209 lapidem
371 1170 519 1201 trahentis
533 1176 663 1202 conatus
674 1182 730 1202 seu
743 1172 790 1202 vis
804 1172 902 1202 activa
915 1172 1014 1214 major
1029 1172 1069 1203 sit

222 1212 251 1242 vi
266 1212 328 1253 quii
342 1212 420 1252 lapis
430 1223 486 1252 per
499 1213 682 1254 gravitatem
697 1224 797 1250 suam,
819 1214 906 1253 plani
927 1214 1066 1245 scabriti-

221 1265 282 1291 em,
304 1255 462 1296 mediique
476 1256 689 1292 resistentiam,
714 1266 795 1296 equo
816 1257 950 1287 trahenti
964 1257 1066 1288 reluc-

221 1303 313 1332 tatur,
337 1307 437 1338 equus
457 1297 594 1338 lapidem
619 1299 718 1329 trahet
733 1309 807 1329 cum
832 1299 869 1330 ea
883 1298 979 1329 totius
999 1310 1065 1330 suae

221 1339 267 1370 vis
279 1346 374 1379 parte,
388 1350 458 1381 quae
473 1346 543 1380 post
557 1347 733 1380 superatam
747 1341 859 1381 lapidis
872 1341 1066 1382 gravitatem,

221 1382 307 1421 plani
321 1383 505 1420 scabritiem,
527 1383 686 1424 mediique
706 1384 920 1420 resistentiam,
945 1384 1004 1423 ipsi
1019 1395 1067 1414 re-

221 1425 311 1455 sidua
326 1431 390 1463 est3
413 1425 439 1455 si
453 1431 559 1456 autem
574 1431 658 1456 totus
671 1426 821 1457 trahentis
841 1426 914 1466 equi
935 1434 1066 1458 conatus

220 1467 306 1498 hisce
320 1468 419 1499 tribus
433 1468 612 1500 resistentiis
625 1468 728 1499 minor
749 1469 798 1505 sit,
820 1468 871 1499 vel
892 1469 918 1499 si
939 1469 1013 1508 ipsis
1027 1469 1067 1500 sit

221 1510 358 1552 aequalis,
381 1521 482 1551 equus
504 1510 641 1550 lapidem
663 1521 728 1541 non
753 1511 898 1541 movebit.
957 1512 1064 1548 Quare

221 1558 306 1583 totus
319 1563 355 1583 ac
370 1553 490 1595 integer
513 1550 625 1593 lapidis
648 1553 776 1584 renixus
797 1553 851 1594 qui
866 1553 1064 1593 componitur

220 1605 259 1626 ex
273 1595 370 1634 ipsius
395 1596 554 1639 gravitate,
588 1595 675 1635 plani
706 1596 856 1632 scabritie,
890 1596 1063 1627 resistentia

219 1638 315 1668 medii
330 1644 362 1669 et
375 1638 486 1669 inertia
507 1649 578 1680 quae
591 1638 688 1678 lapidi
713 1639 808 1670 etiam
830 1639 976 1670 omnibus
996 1638 1064 1669 aliis

220 1681 337 1712 viribus
352 1681 502 1712 destituto
518 1681 608 1720 inest,
630 1681 744 1712 actioni
766 1681 839 1723 equi
853 1681 989 1721 lapidem
1003 1687 1066 1712 tra-

220 1723 323 1754 hentis
337 1730 383 1754 est
397 1734 518 1764 semper
531 1724 666 1765 aequalis,

264 1765 313 1808 (b)
335 1770 387 1797 33.
411 1767 572 1803 Quoniam
586 1767 632 1797 vis
647 1768 692 1800 N.
715 1766 781 1808 agit
795 1765 968 1798 secundum
983 1766 1063 1797 line-

220 1818 273 1838 am
301 1809 332 1839 A
350 1809 385 1845 C,
408 1809 468 1848 ipsi
492 1810 521 1840 B
546 1810 590 1845 D,
612 1809 800 1849 parallelam,
827 1810 894 1840 haec
917 1810 971 1844 vis,
995 1812 1065 1852 (per

221 1851 292 1892 Leg
307 1850 356 1892 2.)
380 1851 459 1882 nihil
480 1851 540 1882 nisi
554 1851 748 1883 velocitatem
763 1851 936 1883 secundum
950 1852 1065 1883 lineam

220 1893 279 1933 ipsi
297 1895 326 1925 B
343 1893 387 1930 D,
410 1894 589 1934 parallelam
609 1894 769 1934 producet,
793 1905 830 1925 ac
850 1894 980 1934 proinde
1000 1905 1064 1925 non

219 1936 355 1967 mutabit
379 1936 573 1968 velocitatem
587 1936 755 1968 accedendi
775 1937 817 1968 ad
837 1937 954 1967 lineam
975 1937 1063 1968 illam

222 1979 252 2010 B
278 1979 319 2015 D,
341 1989 362 2010 a
385 1978 416 2010 vi
440 1978 537 2010 altera
560 1979 719 2021 genitam3
749 1990 822 2010 cum
848 1989 960 2019 corpus
984 1979 1067 2011 iners

220 2020 344 2052 duabus
358 2021 442 2052 hisce
456 2021 573 2053 viribus
586 2032 622 2053 ac
633 2022 854 2053 directionibus
867 2022 962 2053 simul
977 2023 1066 2053 obse-

218 2064 273 2104 qui
287 2063 389 2104 possit,
406 2070 438 2095 et
453 2066 523 2106 (per
536 2064 598 2106 leg.
618 2065 678 2106 1.),
695 2064 813 2100 debeat,
829 2070 922 2105 atque
932 2063 984 2096 hic
993 2075 1067 2105 sup-

221 2112 357 2146 ponatur
369 2106 449 2137 vires
473 2109 522 2143 M,
546 2113 578 2138 et
603 2108 649 2144 IV,
671 2107 706 2138 in
720 2106 837 2138 mobile
851 2106 961 2138 eodem
972 2107 1069 2139 modo

219 2149 315 2180 simul
328 2159 419 2191 agere
434 2159 470 2180 ac
492 2149 664 2191 sisingulae
685 2149 813 2181 seorsim
834 2150 869 2180 in
893 2149 974 2181 illud
988 2150 1058 2192 qui·
1086 2156 1147 2207 A
1256 2155 1301 2201 B

221 2201 327 2222 escens
340 2191 602 2232 imprimerentur.

263 2234 307 2277 (c)
330 2238 382 2265 34.
410 2234 533 2266 Idcirco
547 2245 620 2266 cum
642 2236 676 2267 in
696 2235 759 2267 fine
779 2236 920 2277 ejusdem
941 2242 1061 2276 tempo-

219 2275 269 2312 ris,
292 2287 404 2316 corpus
418 2277 504 2318 quod
517 2277 569 2308 hic
582 2283 731 2319 tanquam
752 2285 906 2318 punctum
920 2280 1063 2311 conside-

219 2325 314 2354 ratur,
338 2319 434 2350 simul
461 2330 527 2350 esse
548 2320 658 2351 debeat
679 2321 712 2351 in
727 2327 858 2363 utraque
873 2321 954 2353 linea
972 2323 999 2353 C
1017 2323 1060 2358 D,

220 2368 252 2392 et
270 2363 294 2392 B
313 2362 355 2397 D,
377 2362 412 2392 in
426 2362 589 2403 utriusque
609 2362 701 2394 lineae
712 2373 865 2395 concursu
896 2365 931 2396 D
950 2364 1064 2404 reperi.

218 2410 299 2441 atur,
315 2413 438 2436 necesse
452 2411 499 2436 cst
507 2417 518 2444 3
539 2405 614 2446 quia
627 2411 735 2437 autem
748 2406 839 2438 initio
860 2415 892 2437 et
905 2408 968 2437 fine
982 2413 1062 2438 tem-

219 2447 302 2486 poris
317 2447 382 2478 dati
396 2457 510 2488 corpus
523 2447 676 2488 reperitur
689 2448 726 2480 in
737 2448 822 2480 recta
840 2449 871 2480 A
889 2450 933 2485 D,
950 2448 1064 2489 nempe

220 2488 358 2529 primum
372 2490 406 2520 in
423 2490 464 2528 A,
481 2495 513 2521 et
526 2489 640 2522 deinde
653 2490 688 2521 in
705 2491 748 2527 D,
763 2496 831 2523 toto
841 2498 979 2531 tempore
990 2491 1064 2523 dato

221 2538 344 2563 motum
366 2532 427 2564 fuit
440 2542 496 2572 per
520 2532 636 2563 lineam
663 2534 695 2564 A
713 2534 756 2570 D,
784 2544 859 2564 nam
880 2544 918 2564 ex
940 2534 1063 2565 duobus

220 2574 343 2613 punctis
360 2575 401 2611 A,
425 2581 458 2606 et
484 2575 526 2611 D,
553 2575 642 2611 datis,
664 2581 757 2609 recta.
783 2576 815 2606 A
840 2577 883 2612 D,
907 2576 1061 2615 positione

221 2615 292 2647 data
303 2622 363 2656 est3
379 2623 411 2648 et
424 2627 537 2657 corpus
549 2617 738 2659 quibuslibet
749 2618 864 2649 viribus
877 2618 1058 2658 impulsum,

221 2666 357 2691 cessante
370 2660 484 2691 virium
503 2659 632 2696 actione,
655 2666 798 2691 movetur
819 2660 1014 2691 uniformiter
1027 2660 1062 2690 in

221 2700 374 2732 directum
402 2701 576 2733 secundum
610 2701 755 2733 ultimam
785 2702 988 2733 directionem
1023 2712 1061 2732 ex

223 2742 336 2774 viribus
350 2744 504 2784 impressis
518 2744 729 2781 resultantem,
746 2746 816 2786 (per
826 2745 905 2785 Leg.
923 2748 950 2776 1.
969 2750 1000 2775 et
1013 2744 1060 2782 9.)

263 2788 315 2817 55.
342 2786 452 2818 Motus
466 2787 655 2827 compositus
668 2797 725 2827 per
745 2787 942 2828 diagonalem
967 2787 996 2819 A
1015 2787 1060 2823 D,

222 2827 359 2859 motibus
383 2839 438 2867 per
462 2829 558 2861 latera
582 2830 613 2860 A
643 2830 683 2865 B,
711 2829 782 2865 AC,
813 2828 976 2870 disjunctis
996 2839 1060 2859 non

222 2875 269 2900 est
282 2870 415 2910 aequalis,
438 2872 493 2902 sed
506 2871 630 2903 tantum
644 2871 831 2913 aequipollet.
880 2872 964 2902 Nam
986 2880 1061 2902 cum

222 2911 331 2942 eadem
345 2912 384 2943 sit
400 2914 533 2952 corporis
554 2925 664 2951 massa,
687 2913 791 2945 motus
805 2913 991 2955 quantitates
1005 2924 1060 2953 per

222 2953 420 2995 diagonalem
429 2961 460 2985 et
466 2966 519 2994 per
525 2956 621 2988 latera
633 2963 706 2988 sunt
712 2963 749 2988 ut
759 2956 935 2988 velocitates
941 2956 1059 2987 unifor-

221 2997 346 3038 mes(6)
359 3007 414 3027 seu
425 3003 461 3028 ut
469 2998 565 3036 spatia
579 3001 609 3030 A
620 3001 662 3036 D,
674 3000 705 3031 A
716 3000 755 3036 B,
771 2999 800 3030 A
810 2999 846 3034 C.
860 2998 970 3030 eodem
980 3005 1061 3029 tem-

222 3040 510 3122 ppreAperEul-xslaaff)
519 3052 528 3078 ;
534 3047 702 3124 gggauffin
713 3051 836 3116 εΧωὸηα
846 3040 979 3072 laterum
990 3041 1021 3072 A
1032 3041 1061 3074 B

378 3103 386 3117 ,
475 3092 510 3112 or
608 3093 627 3114 o
680 3095 690 3115 1
811 3095 822 3122 ς
844 3093 877 3114 er
899 3093 919 3114 ο
940 3093 1063 3114 summa

223 3123 432 3164 quantitatum
445 3093 549 3156 :ilotfis
570 3135 623 3165 per
637 3126 741 3164 latera,
768 3126 868 3169 major
876 3094 926 3158 {st
940 3126 1063 3167 quanti-

1105 749 1168 774 tate
1181 749 1284 774 motus
1297 754 1352 783 per
1366 748 1570 786 diagonalem.
1618 750 1738 779 Verum
1759 751 1832 790 quia
1854 751 1936 780 idem

1106 791 1155 817 est
1175 792 1288 824 motus,
1315 787 1378 817 sive
1398 789 1512 819 mobile
1532 800 1587 828 per
1609 790 1805 831 diagonalem
1835 794 1863 822 A
1890 792 1934 828 D,

1106 827 1259 859 celeritate
1274 829 1415 869 aequabili
1431 836 1467 860 ut
1481 831 1511 860 A
1526 832 1569 868 D,
1586 842 1624 862 ex
1639 833 1668 863 vi
1683 833 1774 863 unica
1787 834 1936 873 impressa

1105 870 1232 907 feratur,
1255 871 1317 901 sive
1339 871 1454 902 viribus
1475 874 1645 914 conjunctis
1659 885 1712 914 per
1733 875 1827 906 latera
1845 877 1875 906 A
1893 877 1934 913 B,

1109 913 1140 943 A
1159 913 1195 947 C,
1211 913 1397 952 impellatur,
1414 914 1510 954 liquet
1523 922 1645 946 motum
1658 927 1713 956 per
1727 917 1935 959 diagonalem,

1105 954 1240 985 motibus
1254 965 1308 994 per
1322 955 1417 986 latera
1430 956 1591 997 disjunctis
1605 958 1795 999 aequivalere.

1154 1002 1187 1033 Si
1202 1002 1316 1033 mobile
1331 1012 1350 1031 a
1365 1001 1507 1041 pluribus
1530 1000 1625 1042 quam
1649 1000 1772 1032 duabus
1785 1002 1902 1034 viribus
1915 1003 1951 1035 in

1110 1044 1180 1075 loco
1215 1045 1255 1080 A,
1290 1044 1385 1074 simul
1414 1044 1570 1083 impressis
1597 1043 1784 1083 impellatur,
1817 1045 1952 1078 inveniri

1110 1097 1230 1126 semper
1244 1087 1355 1126 poterit
1369 1087 1463 1117 unica
1476 1086 1604 1117 directio
1618 1092 1649 1117 et
1663 1086 1808 1118 velocitas
1828 1098 1867 1119 ex
1881 1092 1950 1120 om.

1109 1130 1204 1160 nibus
1228 1129 1374 1169 separatis
1397 1129 1567 1168 composita
1587 1129 1722 1169 ipsisque
1737 1130 1948 1170 aequipollens,

1110 1182 1182 1213 quae
1204 1174 1302 1204 media
1327 1174 1447 1203 directio
1468 1171 1601 1209 dicitur3
1623 1171 1759 1202 duarum
1780 1173 1865 1203 enim
1878 1174 1952 1205 viri.

1108 1225 1165 1245 um
1193 1215 1297 1245 media
1325 1214 1452 1245 directio
1479 1214 1651 1254 reperiatur
1680 1216 1750 1254 (per
1777 1215 1882 1247 coroll.
1918 1220 1946 1248 1.

1109 1256 1250 1296 Nevit->3
1273 1256 1386 1287 deinde
1407 1257 1580 1297 diagonalis
1607 1256 1663 1287 illa
1682 1263 1832 1298 tanquam
1853 1259 1950 1298 spati-

1107 1309 1164 1329 um
1186 1299 1217 1330 vi
1245 1298 1340 1330 unica
1367 1309 1549 1338 percursum
1573 1299 1792 1336 consideretur,
1816 1306 1848 1331 et
1875 1312 1950 1333 cum

1109 1341 1208 1381 spatio
1223 1341 1312 1372 tertia
1326 1341 1356 1372 vi
1367 1341 1520 1381 descripto
1529 1341 1595 1381 pari
1605 1342 1724 1372 ratione
1734 1350 1948 1383 componatur,

1110 1385 1216 1425 sicque
1230 1384 1310 1426 vires
1324 1394 1434 1415 omnes
1447 1383 1489 1414 ad
1502 1384 1627 1414 unicam
1642 1384 1839 1416 reducentur.

1150 1430 1202 1458 57.
1230 1427 1342 1457 Motus
1356 1426 1458 1457 omnis
1471 1426 1506 1456 in
1526 1432 1738 1467 quotcumque
1752 1427 1828 1458 alios
1838 1428 1948 1460 latera,

1108 1469 1154 1500 les
1167 1469 1227 1508 ipsi
1240 1468 1474 1510 aequipollentes
1487 1468 1598 1499 resolvi
1619 1475 1737 1509 potest3
1760 1480 1833 1500 nam
1844 1477 1950 1502 motus

1105 1522 1161 1552 per
1175 1512 1205 1542 A
1223 1512 1266 1547 D,
1284 1511 1461 1552 aequabilis3
1483 1512 1566 1542 facto
1579 1511 1738 1553 triangulo
1751 1522 1950 1554 quocumque

1109 1554 1140 1585 A
1155 1555 1183 1585 B
1202 1554 1244 1590 D,
1258 1554 1421 1585 resolvitur
1430 1554 1464 1584 in
1479 1559 1584 1585 motus
1594 1564 1649 1594 per
1659 1554 1755 1585 latera
1772 1554 1803 1586 A
1818 1556 1857 1594 B,
1873 1556 1946 1591 Ac,

1103 1596 1206 1627 motui
1217 1606 1273 1636 per
1286 1596 1483 1637 diagonalem
1501 1597 1532 1627 A
1550 1597 1593 1632 D,
1611 1597 1845 1637 aequipollentoe
1861 1598 1944 1641 (35).

1108 1639 1232 1670 Eadem
1242 1638 1361 1669 ratione
1371 1644 1476 1669 motus
1486 1649 1541 1678 per
1554 1638 1585 1669 A
1597 1640 1634 1674 B,
1646 1639 1681 1669 in
1691 1639 1771 1670 duos
1781 1650 1949 1680 quoscum-

1109 1692 1170 1722 que
1185 1681 1271 1718 alios,
1285 1679 1437 1720 descripto
1458 1680 1539 1712 circa
1559 1680 1641 1712 latus
1668 1681 1702 1714 A
1728 1682 1758 1713 B
1790 1682 1949 1724 triangulo

1109 1724 1281 1759 resolvitur,
1305 1723 1451 1764 idemque
1473 1723 1514 1754 de
1537 1729 1628 1754 motu
1647 1734 1704 1763 per
1728 1724 1759 1755 A
1788 1724 1825 1762 C,
1847 1731 1879 1757 et
1907 1726 1948 1758 de

1106 1766 1176 1798 aliis
1190 1766 1440 1808 quibuscumque
1460 1766 1599 1797 motibus
1612 1766 1675 1796 dici
1689 1766 1790 1797 debet.

1149 1813 1202 1840 38.
1231 1809 1264 1840 Si
1279 1818 1391 1847 corpus
1405 1808 1533 1849 aliquod
1551 1809 1591 1845 A,
1608 1808 1724 1848 duplici
1740 1809 1770 1839 vi
1784 1819 1840 1849 per
1857 1810 1888 1841 A
1906 1811 1945 1850 C,

1108 1857 1139 1882 et
1163 1861 1219 1891 per
1243 1851 1275 1882 A
1292 1850 1327 1887 F,
1350 1850 1394 1881 ita
1417 1857 1575 1892 urgeatur,
1599 1857 1637 1882 ut
1656 1857 1762 1882 motus
1782 1852 1815 1882 in
1837 1852 1947 1885 eadem

1107 1894 1227 1925 ratione
1256 1893 1442 1924 acceleretur
1470 1893 1520 1924 vel
1555 1893 1735 1930 retardetur,
1772 1894 1837 1926 sive
1860 1896 1947 1937 quod

1105 1937 1190 1968 idem
1215 1942 1270 1972 est,
1294 1936 1319 1966 si
1344 1936 1443 1975 spatia
1459 1938 1486 1966 A
1507 1937 1546 1972 Β,
1564 1942 1595 1966 et
1611 1936 1642 1967 A
1660 1937 1702 1973 D,
1723 1937 1794 1972 Ac,
1811 1944 1846 1968 et
1859 1940 1888 1969 Δ
1908 1939 1945 1976 F,

1108 1979 1219 2010 iisdem
1233 1978 1424 2018 temporibus
1437 1988 1592 2018 percursa,
1607 1989 1729 2018 semper
1742 1980 1805 2010 sint
1818 1980 1853 2010 in
1867 1991 1942 2012 con-

1109 2022 1203 2053 stanti
1217 2022 1346 2057 ratione,
1368 2027 1459 2051 motu
1479 2021 1651 2060 composito
1665 2022 1946 2064 parallelogrammi

1109 2064 1308 2107 diagonalem
1323 2064 1355 2096 A
1376 2064 1416 2101 G,
1429 2062 1582 2095 describet
1592 2085 1602 2094 .
1617 2085 1626 2095 .
1641 2085 1651 2095 .
1665 2085 1675 2096 .

1717 2153 1751 2197 C

1145 2619 1313 2649 Dem....
1335 2615 1449 2646 Ductis
1474 2616 1555 2647 DE
1581 2616 1622 2648 ad
1648 2619 1677 2648 A
1698 2617 1735 2652 B,
1759 2623 1791 2648 et
1817 2617 1880 2649 ΒΕ
1902 2617 1945 2648 ad

1107 2659 1138 2691 A
1152 2660 1195 2696 D,
1208 2658 1372 2698 paralleli&
1384 2668 1496 2698 corpus
1506 2659 1680 2701 conjunctis
1686 2660 1802 2691 viribus
1810 2666 1944 2698 motum,

1102 2711 1137 2732 re

1106 2744 1136 2775 E
1154 2745 1194 2780 B,
1219 2743 1291 2786 (54)
1307 2742 1446 2783 adeoque
1470 2743 1504 2774 in
1526 2754 1635 2775 earum
1656 2744 1872 2776 intersectione
1893 2745 1944 2783 E,

1104 2786 1245 2817 similiter
1259 2786 1361 2817 ductis
1378 2786 1404 2816 F
1423 2786 1462 2822 G,
1485 2785 1527 2816 ad
1543 2786 1574 2816 A
1593 2787 1629 2823 C,
1647 2792 1678 2818 et
1695 2787 1722 2818 C
1740 2787 1780 2823 G.
1797 2786 1838 2818 ad
1854 2787 1884 2818 Δ
1908 2787 1944 2825 F,

1103 2828 1266 2868 parallelis,
1290 2833 1375 2868 patet
1399 2838 1511 2867 corpus
1530 2835 1620 2859 motu
1641 2829 1813 2871 composito
1835 2828 1946 2861 eodem

1102 2877 1240 2911 tempore
1265 2870 1391 2910 reperiri
1412 2869 1445 2900 in
1471 2871 1511 2906 G,
1538 2881 1602 2912 quo
1626 2871 1763 2902 motibus
1785 2871 1948 2914 disjunctis

1102 2913 1268 2954 attingeret
1281 2918 1397 2952 puncta
1414 2913 1450 2948 C,
1467 2918 1499 2943 et
1516 2913 1543 2944 F
1549 2925 1559 2950 ;
1581 2923 1656 2944 cum
1670 2913 1767 2955 igitur
1783 2917 1836 2957 (ex
1850 2914 1944 2956 hyp.)

1102 2955 1947 2993 simundanseunautaaadacmu
2001 2948 2005 2952 ’

1107 2998 1134 3029 F
1153 2999 1192 3033 G,
1220 3003 1303 3028 recta
1326 3002 1353 3027 A
1374 2997 1414 3033 E,
1438 2997 1589 3036 producta
1602 2998 1711 3029 transit
1724 3009 1780 3038 per
1793 3005 1947 3039 puncum

1109 3041 1155 3078 G;
1179 3039 1255 3081 ergo
1279 3050 1391 3079 corpus
1415 3049 1470 3080 per
1490 3039 1687 3082 diagonalem
1713 3048 1830 3073 rectam
1853 3042 1886 3073 A
1904 3042 1946 3079 G,

1105 3082 1238 3114 incedet.
1256 3083 1299 3119 Q.
1317 3093 1344 3113 e.
1362 3082 1393 3113 d.

1147 3129 1200 3158 39.
1229 3125 1262 3157 Si
1290 3124 1389 3166 spatia
1416 3125 1590 3158 secundum
1619 3136 1717 3158 unam
1745 3125 1948 3160 directionem

1137 2701 1230 2742 periri
1251 2701 1343 2732 debet
1366 2700 1461 2731 simul
1484 2701 1519 2732 in
1539 2701 1672 2743 utraque
1692 2701 1775 2733 linea
1798 2703 1833 2734 D
1850 2702 1891 2739 E,
1914 2709 1947 2734 et
2005 2697 2011 2708 x
