2086 3542
662 251 1113 302 PHILOSOPHIAE
1145 247 1505 294 NATURALIS
1604 246 1747 301 [Mor.
1769 246 1965 290 Gomon.

265 266 347 305 332

258 375 512 419 diminuetur
532 375 577 417 in
597 373 757 416 ratione
775 368 1002 427 composita
1022 381 1077 411 ex
1095 367 1255 409 ratione
1283 363 1571 423 sesquiplicata
1598 363 1718 414 radii,
1738 370 1782 405 et
1810 362 1969 405 ratione

259 446 560 504 subduplicata,
583 445 664 503 qua
683 445 744 487 vis
762 443 834 486 illa
852 442 1080 497 centripeta
1098 439 1282 495 corporis
1301 438 1494 481 centralis
1507 436 1561 488 T,
1582 451 1659 493 per
1670 436 1971 477 incrementum

260 519 325 562 vel
345 518 653 561 decrementum
673 515 844 559 actionis
863 512 1049 569 corporis
1068 510 1284 568 longinqui
1305 510 1348 561 S,
1370 508 1613 551 diminuitur
1630 506 1695 549 vel
1715 513 1900 564 augetur.

318 1144 446 1188 Corol.
479 1148 519 1188 7.
550 1141 619 1185 Ex
652 1141 706 1198 (¹³)
735 1140 956 1198 praemissis
976 1143 1239 1199 consequitur
1258 1143 1396 1195 etiam,
1417 1142 1534 1199 quod
1550 1142 1739 1198 ellipseos
1758 1156 1784 1185 a
1802 1153 1978 1197 corpore

260 1217 297 1259 P
317 1215 533 1271 descriptae
554 1215 654 1266 axis,
677 1229 748 1257 seu
768 1214 958 1271 apsidum
972 1212 1094 1267 linea,
1112 1214 1250 1271 quoad
1264 1222 1424 1257 motum
1440 1214 1693 1270 angularem,
1710 1212 1978 1271 progreditur
2034 1271 2039 1277 p

259 1296 300 1329 et
320 1286 553 1345 regreditur
571 1300 647 1341 per
666 1285 788 1337 viceS,
821 1286 894 1328 sed
925 1286 1057 1343 magis
1092 1297 1228 1329 tamen
1263 1285 1541 1343 progreditur,
1577 1294 1619 1327 et
1652 1299 1728 1340 per
1761 1296 1979 1327 excessum

259 1357 560 1416 progressionis
579 1356 710 1398 fertur
730 1356 774 1398 in
795 1356 1101 1414 consequentia.
1160 1357 1270 1399 Nam
1290 1356 1351 1398 vis
1371 1355 1451 1413 qua
1481 1369 1631 1411 corpus
1666 1354 1702 1397 P
1732 1362 1906 1412 urgetur
1932 1353 1979 1396 in
2038 1361 2045 1366 ‘

261 1442 412 1484 corpus
434 1427 475 1470 T
496 1428 541 1470 in
559 1426 834 1483 quadraturis,
865 1427 937 1469 ubi
958 1427 1018 1470 vis
1040 1425 1092 1470 M
1114 1427 1157 1470 N
1176 1427 1355 1477 evanuit,
1387 1426 1649 1481 componitur
1669 1440 1723 1467 ex
1741 1425 1783 1467 vi
1803 1425 1843 1468 L
1864 1423 1918 1468 M
1936 1431 1980 1468 et

259 1500 301 1541 vi
320 1499 558 1555 centripeta,
589 1497 670 1556 qua
690 1513 840 1554 corpus
863 1498 904 1541 T
924 1497 1050 1541 trahit
1070 1512 1219 1554 corpus
1242 1498 1290 1541 Ρ.
1351 1497 1425 1538 Vis
1458 1497 1510 1553 (5)
1543 1496 1660 1552 prior
1681 1496 1720 1538 L
1742 1494 1808 1547 M,
1842 1496 1877 1538 si
1902 1508 1980 1538 au-

260 1579 408 1629 geatur
428 1571 620 1613 distantia
642 1571 678 1613 P
699 1569 753 1622 T,
786 1577 962 1628 augetur
982 1570 1027 1612 in
1046 1569 1193 1612 eadem
1212 1569 1298 1612 fere
1318 1569 1476 1611 ratione
1497 1582 1591 1610 cum
1610 1566 1689 1609 hfic
1708 1566 1916 1619 distantia,
1937 1574 1980 1609 et

259 1642 322 1684 vis
342 1642 559 1698 posterior,
582 1641 782 1684 decrescit
801 1642 846 1683 in
865 1641 1071 1698 duplicata
1091 1640 1161 1683 illa
1181 1641 1354 1692 ratione,
1376 1640 1553 1696 ideoque
1572 1652 1732 1680 summa
1749 1637 1899 1680 harum
1917 1637 1979 1679 vi-

222 1758 230 1770 ,
261 1714 371 1756 rium
401 1714 453 1769 (²)
485 1713 684 1755 decrescit
703 1712 746 1754 in
765 1712 926 1754 minore
946 1726 1070 1769 quam
1089 1710 1296 1767 duplicata
1316 1710 1475 1752 ratione
1495 1709 1699 1751 distantiae
1721 1708 1759 1750 P
1777 1707 1833 1759 T,
1853 1715 1897 1750 et
1926 1707 1978 1764 (⁸)

261 1791 484 1840 propterea
514 1788 607 1839 (per
629 1783 770 1825 Corol.
796 1789 832 1825 1.
857 1782 983 1838 Prop.
1007 1782 1172 1835 XLV.)
1202 1782 1325 1824 efficit
1343 1789 1390 1822 ut
1420 1794 1516 1830 aux,
1553 1794 1625 1821 seu
1661 1779 1768 1835 apsis
1801 1793 1977 1831 summa,

261 1923 350 1950 vxces,
376 1918 414 1944 ut
437 1913 464 1943 si
489 1912 623 1952 corporis
647 1912 676 1943 T
697 1911 743 1942 vis
764 1911 935 1951 centripeta
958 1911 1098 1942 absoluta

262 1961 454 1996 supponatur
467 1955 564 1995 ipsius
578 1964 686 1985 massae
707 1953 944 1993 proportionalis
965 1961 996 1985 et
1019 1963 1098 1984 nova

263 1998 293 2029 ei
307 1997 438 2029 addatur
451 2003 483 2028 et
496 1997 672 2028 detrahatur
686 2006 741 2036 per
753 1996 835 2026 vices
848 1995 986 2033 materia,
1009 2001 1100 2036 atque

263 2039 338 2072 inde
352 2041 419 2081 ejus
432 2039 477 2070 vis
492 2039 631 2070 absoluta
645 2039 678 2069 in
694 2038 803 2069 eadem
818 2037 936 2069 ratione
951 2044 1101 2079 augeatur

264 2088 296 2114 et
310 2082 477 2120 minuatur,
494 2092 606 2121 corpus
623 2081 651 2112 P
665 2080 699 2111 in
713 2079 826 2110 minori
840 2086 871 2110 et
885 2080 995 2121 majori
1003 2079 1101 2111 orbita

1142 1910 1246 1952 Hyp.)
1272 1911 1295 1942 S
1310 1910 1340 1942 L
1362 1915 1408 1941 est
1428 1908 1492 1941 fere
1513 1908 1658 1948 parauela
1681 1908 1703 1939 S
1725 1907 1775 1945 M,
1797 1913 1830 1939 et
1848 1908 1979 1948 proindd

1141 1954 1171 1985 L
1188 1954 1224 1984 Μ
1241 1953 1298 1993 ipsi
1315 1953 1342 1983 P
1358 1953 1388 1983 Τ
1403 1951 1548 1992 pamllela
1569 1951 1677 1982 crescit
1697 1950 1812 1991 ubique
1831 1957 1870 1982 ut
1891 1951 1922 1984 P
1936 1952 1978 1992 Τ,

1141 1993 1396 2045 quamproxime5
1419 1994 1452 2025 in
1466 1993 1661 2036 quadraturis
1675 1991 1747 2024 vero
1762 1992 1793 2024 L
1808 1992 1848 2024 M
1861 1993 1989 2026 noina«

1142 2038 1278 2121 &33³2
1292 2037 1455 2112 {ffc'rescu
1470 2080 1504 2110 in
1518 2080 1635 2111 minore
1648 2089 1743 2119 quam
1756 2078 1876 2120 αψιωα·
1877 2077 1910 2111 ια
1920 2078 1980 2120 ω

263 2135 318 2165 per
332 2125 412 2155 vices
427 2124 608 2160 revolvetur,
626 2122 783 2154 diminuto
798 2128 829 2152 et
844 2128 937 2153 aucto
950 2133 1005 2162 per
1019 2122 1099 2153 vices

263 2167 350 2199 radio
366 2168 396 2198 T
412 2167 440 2197 P
455 2167 581 2208 ejusque
595 2172 720 2205 tempus
734 2164 925 2204 perlodicum
941 2165 1100 2196 minuetur

265 2216 297 2240 et
311 2209 474 2251 augebitur
488 2219 542 2248 per
564 2208 644 2239 vices
669 2209 702 2238 in
726 2208 843 2238 ratione
866 2207 1035 2246 composita
1061 2217 1099 2238 ex

265 2253 382 2284 ratione
397 2250 613 2292 susquiplicatii
629 2250 707 2282 radii
722 2249 835 2281 directe
850 2256 880 2280 et
894 2250 1012 2280 ratione
1027 2251 1099 2280 sub-

265 2293 420 2334 duplicata
433 2294 478 2324 vis
492 2293 667 2332 centripetae
689 2292 836 2324 absolutae
858 2292 992 2331 corporis
1008 2292 1038 2322 T
1051 2292 1099 2321 in-

264 2336 350 2368 verse
365 2342 400 2367 ut
414 2347 514 2377 supra.
556 2336 613 2366 vis
628 2336 712 2366 enim
723 2334 917 2366 acceleratrix
930 2334 1101 2373 composita

265 2386 298 2410 et
311 2379 433 2410 residua
453 2378 516 2419 quii
537 2388 647 2418 corpus
664 2379 693 2409 T
706 2383 835 2408 auctum
857 2383 888 2407 et
908 2377 1101 2407 diminutum

265 2432 320 2462 per
334 2422 416 2452 vices
430 2421 523 2452 trahit
537 2431 647 2460 corpus
665 2420 693 2451 P
707 2426 753 2451 est
766 2419 817 2450 hic
839 2418 966 2459 praecise
987 2419 1021 2450 in
1042 2418 1101 2449 du-

265 2463 379 2504 plicata
400 2463 519 2495 ratione
544 2462 695 2494 distantiae
717 2461 843 2496 inverse,
867 2462 952 2503 quod
973 2461 1007 2492 in
1028 2471 1102 2492 casu

269 2507 374 2538 Corol.
394 2511 423 2538 6.
448 2516 542 2547 quam
556 2504 695 2545 proxime
709 2504 833 2536 tantum
847 2504 973 2536 obtinet.

311 2549 356 2592 (¹¹)
382 2551 400 2570 ¹*
423 2551 474 2580 Eu:
485 2549 657 2588 praemissis.
707 2548 740 2578 Si
761 2557 872 2586 corpus
897 2547 926 2578 P
939 2547 1055 2578 circum
1072 2546 1101 2577 T

265 2591 400 2632 ellipsim
411 2591 526 2622 circulo
539 2590 703 2621 finitimam
719 2589 869 2621 describat
890 2589 980 2631 cujus
999 2587 1101 2620 umbi-

266 2634 347 2665 licus
367 2634 408 2665 sit
423 2635 451 2665 T
466 2634 561 2675 hujus
582 2632 722 2672 ellipseos
742 2634 807 2664 axis
828 2631 927 2672 major
947 2642 1001 2663 seu
1021 2633 1100 2671 apsi-

267 2679 343 2708 dum
356 2678 437 2708 linea
452 2682 540 2706 motu
554 2674 696 2716 angulari
710 2673 791 2706 circa
805 2673 989 2706 umbilicum
1006 2673 1036 2704 T
1045 2684 1101 2713 per

266 2721 342 2751 vicos
352 2720 545 2760 progreditur
560 2728 615 2748 seu
629 2717 728 2749 fetmr
739 2717 774 2748 in
788 2715 1004 2758 consequentia
1013 2721 1040 2747 et
1053 2727 1100 2746 ra-

266 2763 413 2800 grecfflur,
429 2771 484 2791 seu
505 2760 539 2791 in
560 2759 772 2791 antecedentia
791 2766 952 2796 moventi-3
974 2767 1100 2798 progre-

270 2803 354 2834 ditur
368 2802 488 2843 nemp&
512 2803 589 2833 dum
603 2812 714 2842 corpus
731 2802 758 2834 P
767 2808 818 2833 est
831 2802 864 2832 in
877 2800 1007 2842 syzygiis
1023 2800 1054 2830 A
1069 2806 1100 2831 et

272 2845 311 2881 B,
327 2845 500 2887 regreditur
512 2844 585 2876 vex-6
599 2845 677 2876 dum
691 2855 804 2885 corpus
821 2844 850 2875 P
863 2851 909 2875 est
922 2843 955 2874 in
969 2841 1099 2884 quadra-

268 2888 345 2918 turis
363 2889 389 2919 C
403 2893 435 2919 et
451 2888 493 2925 D,
510 2890 560 2920 sed
573 2889 669 2928 magis
683 2881 990 2928 tamensprogredt’tur
1003 2895 1099 2926 quam

267 2932 443 2969 regreditur,
457 2937 486 2961 et
495 2941 552 2971 per
566 2941 711 2962 eoecessum
722 2930 934 2971 progressionis
942 2928 1051 2970 fertur
1065 2929 1099 2959 in

269 2981 356 3002 conse
454 2975 460 2981 ‘
479 2994 487 3002 .

314 3013 343 3054 (y
349 2979 481 3052 >Quia
491 3017 577 3054 prior
589 3017 619 3046 L
634 3017 680 3052 M,
693 3016 748 3046 διε.
789 3014 874 3045 Nam
889 3014 928 3044 ob
942 3011 1100 3054 ingentem

271 3055 405 3095 corporis
427 3056 448 3086 S
469 3066 487 3086 a
508 3057 684 3095 corporibus
710 3058 736 3088 P
751 3063 782 3088 et
797 3057 828 3088 Τ
849 3055 1023 3087 distantiam
1048 3056 1100 3096 (ex

1139 2125 1265 2158 ratione,
1280 2123 1340 2153 hoc
1355 2128 1410 2160 est,
1433 2131 1498 2152 non
1511 2119 1632 2153 tantum
1646 2119 1799 2151 minuitur
1812 2119 1846 2151 in
1859 2119 1978 2154 distan-

1142 2165 1185 2196 tia
1200 2165 1326 2206 majore,
1342 2174 1401 2195 nec
1415 2163 1538 2195 tantum
1552 2169 1685 2205 augetur
1698 2162 1733 2192 in
1753 2161 1898 2197 distantia
1916 2163 1978 2197 mi-

1142 2217 1225 2243 nore,
1241 2205 1392 2248 quantum
1407 2207 1602 2237 minueretur
1615 2205 1665 2236 vel
1685 2210 1861 2245 augesemr,
1883 2205 1912 2237 ni
1931 2205 1978 2238 vis

1142 2256 1208 2281 tota
1220 2249 1424 2287 acceleratrix,
1439 2259 1494 2279 seu
1510 2248 1622 2279 virium
1636 2257 1759 2278 summa
1769 2253 1848 2278 esset
1857 2253 1978 2290 suuper

1143 2298 1179 2323 ut
1192 2292 1377 2333 quadratum
1391 2291 1544 2322 distantiae
1558 2289 1720 2329 reciproce·

1204 2339 1233 2380 ³)
1258 2342 1275 2360 *⁸
1299 2341 1344 2372 Et
1356 2338 1513 2380 propterea
1523 2349 1581 2378 per
1597 2341 1663 2370 Cor.
1685 2340 1712 2368 1.
1731 2339 1822 2377 Prop.
1841 2339 1894 2370 45.
1930 2337 1978 2371 Sit

1147 2383 1177 2414 T
1236 2381 1635 2419 =A‚etLM=c><
1656 2380 1708 2418 A;
1730 2378 1834 2411 ever&

1144 2431 1191 2456 tas
1212 2424 1293 2463 data,
1316 2430 1348 2454 et
1368 2423 1414 2454 vis
1434 2423 1496 2464 qua
1517 2433 1628 2462 corpus
1645 2422 1673 2453 P
1688 2432 1793 2453 versus
1809 2422 1840 2454 T
1852 2421 1978 2455 uoluat

1144 2467 1279 2507 corporis
1306 2468 1329 2498 S
1349 2466 1470 2497 actione
1491 2472 1634 2507 augetur,
1653 2464 1714 2496 erit
1735 2466 1789 2506 (ex
1811 2464 1919 2506 Hyp.)
1935 2472 1979 2498 nt

1147 2514 1217 2593 ᾗ,
1233 2541 1265 2567 et
1278 2533 1443 2566 accedente
1458 2533 1488 2564 vi
1503 2533 1615 2575 exigua
1630 2533 1660 2564 L
1671 2520 1759 2564 M'in
1771 2531 1974 2575 quadraturis,

1141 2631 1252 2661 harum
1266 2629 1380 2660 virium
1401 2637 1523 2660 summa
1543 2628 1600 2659 erit
1619 2633 1656 2658 ut
1675 2603 1735 2650 —1-
1760 2626 1805 2668 -Ι-
1827 2635 1846 2657 c
1867 2630 1903 2666 χ
1931 2627 1974 2667 Α,

1679 2654 1709 2683 A
1721 2653 1738 2672 2

1144 2697 1284 2739 :ideaque
1298 2699 1365 2728 haec
1379 2696 1490 2727 virium
1506 2705 1627 2727 summa
1641 2693 1795 2726 decrescet
1809 2695 1843 2725 in
1855 2694 1974 2737 ratione

1143 2739 1238 2780 paulo
1252 2740 1371 2770 minore
1386 2749 1479 2779 quam
1493 2739 1526 2769 in
1548 2736 1703 2778 duplicata
1723 2737 1876 2769 distantia
1898 2738 1928 2770 Ρ
1941 2738 1973 2770 Τ

1143 2793 1198 2814 seu
1217 2783 1258 2813 A.
1306 2783 1390 2814 Nam
1405 2781 1431 2811 si
1445 2781 1588 2812 distantia
1607 2779 1760 2811 variabilis
1777 2781 1808 2811 A
1823 2780 1931 2813 evadat
1950 2781 1973 2817 b

1145 2828 1178 2863 ><
1200 2826 1241 2862 A,
1258 2825 1356 2865 sitque
1369 2825 1390 2854 b
1411 2833 1559 2854 numerus
1579 2823 1698 2853 unitate
1719 2822 1826 2864 major,
1849 2821 1908 2854 erit
1926 2820 1973 2854 vis

1140 2868 1174 2898 in
1184 2867 1320 2907 >simplici
1335 2865 1478 2897 distantia
1492 2866 1522 2896 A
1532 2865 1571 2896 ad
1584 2865 1643 2895 vim
1655 2865 1689 2895 in
1698 2865 1841 2896 distantia
1856 2865 1972 2908 majore

1140 2936 1160 2966 b
1177 2939 1210 2972 ><
1231 2937 1272 2972 A,
1290 2940 1326 2965 ut
1343 2911 1405 2991 ΚΞ,
1421 2934 1494 2976 ÷c
1512 2937 1545 2972 χ
1566 2933 1607 2971 A,
1624 2933 1664 2965 ad
1686 2910 1969 2991 μιμ-ῃ-οὴᾼ,

1142 3004 1270 3039 hocest,
1293 3001 1970 3044 utbb÷cbbA³ad1÷cb³A⁸

1143 3053 1898 3096 siveutbb><14cA²adl><r4cb³
1953 3053 1968 3076 ⁸
