2158 3562
1145 253 1233 281 XXX

509 357 618 407 Quae
638 356 757 398 toties
778 356 937 397 animos
957 363 1142 397 veterum
1171 361 1329 396 torsere.
1349 353 1588 408 sophorum,

508 429 699 484 Quaeque
720 427 881 484 scholas
900 426 1055 468 flustra
1072 436 1198 467 rauco
1218 425 1440 467 certamine
1460 433 1623 475 vexant,

513 502 650 543 Obvia
669 499 961 555 conspicimus,
979 495 1133 540 nubem
1155 498 1336 553 pellente
1355 497 1542 538 mathesi.

511 575 608 617 Jam
627 573 776 615 dubios
795 571 914 614 nulla
931 570 1105 629 caligine
1124 578 1361 628 praegravat
1381 584 1509 620 error,

511 646 643 697 Queis
663 644 859 701 supersim
877 652 1094 699 penetrare
1114 643 1260 685 domos
1281 652 1405 699 atque
1425 641 1554 690 ardua
1573 639 1666 683 coeli

513 718 724 761 Scandere
743 715 927 759 sublimis
948 715 1060 773 genii
1080 715 1282 757 concessit
1302 728 1488 756 acumen.

571 790 751 847 Sui-gite,
773 789 981 840 mortales,
1003 796 1186 830 terrenas
1206 787 1355 829 mittite
1376 801 1517 837 curas;

509 865 652 920 Atque
668 863 765 903 hinc
786 862 999 918 coeligenae
1018 861 1125 902 vires
1146 859 1378 917 dig-noscite
1397 859 1559 909 mentis,

508 927 552 978 Α
570 935 779 991 pecudum
798 934 881 975 vita
901 932 1213 990 longe'lateque
1233 939 1416 973 remotae.

513 996 600 1056 Qui
619 1006 780 1061 scriptis
795 1005 917 1061 jussit
936 1004 1086 1046 tabulis
1106 1002 1367 1060 compescere
1387 1003 1535 1053 caedes,

513 1080 642 1120 Furta
661 1085 702 1119 et
722 1077 935 1127 adulteria,
957 1084 998 1118 et
1017 1077 1196 1132 perjurae
1216 1077 1390 1117 crimina
1408 1074 1565 1116 fraudis
1576 1091 1588 1125 3

512 1150 650 1200 Quive
669 1149 783 1205 vagis
802 1149 966 1204 populis
987 1149 1231 1190 circundare
1249 1148 1456 1190 moenibus
1477 1147 1601 1189 urbes

513 1221 674 1262 Auctor
693 1226 781 1259 erat
791 1234 802 1267 ς
836 1218 1051 1260 Cererisve
1069 1219 1207 1261 beavit
1225 1233 1397 1260 munere
1416 1226 1561 1277 gentes
1577 1234 1588 1268 ;

509 1290 590 1331 Vel
610 1289 681 1346 qui
701 1303 893 1330 curarum
912 1288 1093 1330 lenimen
1111 1287 1262 1344 pressit
1281 1289 1333 1331 ab
1351 1291 1456 1340 ιινέὶς
1576 1290 1578 1292 ’

511 1364 591 1405 Vel
612 1363 683 1418 qui
704 1360 864 1403 Niliaca
885 1362 1129 1403 monstravit
1148 1362 1351 1404 arundine
1369 1362 1502 1416 pictos

512 1434 763 1477 consociare
783 1447 919 1483 sonOS,
943 1433 1155 1489 oculisque
1175 1448 1385 1488 exponere
1404 1447 1550 1483 voces3

512 1505 756 1547 Humanam
776 1510 929 1544 sortem
948 1504 1084 1545 minus
1105 1504 1274 1544 extulit:
1307 1511 1450 1558 utpote
1469 1518 1602 1559 pauca

514 1575 756 1630 Respiciens
776 1574 937 1616 miserae
957 1581 1119 1616 tantum
1140 1575 1339 1616 solamina
1358 1575 1466 1617 vitae.

510 1648 606 1690 Jam
625 1661 724 1687 vero
745 1645 903 1700 superis
922 1646 1107 1687 convivae
1127 1646 1394 1698 admittimur,
1417 1646 1489 1687 alti

511 1718 538 1760 J
541 1732 615 1758 ura
633 1716 720 1772 poli
739 1723 914 1758 tractare
933 1717 1040 1767 licet,
1063 1718 1232 1773 jamque
1252 1717 1392 1759 abdita
1410 1731 1532 1758 caecae

511 1789 703 1831 Claustra
721 1795 864 1843 patent
884 1788 1043 1838 Terrae,
1065 1802 1285 1844 rerumque
1303 1788 1525 1830 immobilis
1545 1788 1664 1840 ordo,

511 1863 567 1904 Et
587 1877 679 1918 quae
698 1861 897 1916 praeteriti
916 1861 1126 1902 latuerunt
1145 1861 1281 1903 secula
1300 1861 1457 1903 mundi.

568 1932 692 1974 Talia
710 1941 1009 1974 monstrantem
1035 1947 1200 1974 mecum
1220 1933 1423 1975 celebrate
1438 1933 1646 1984 camoenis,

511 2004 599 2045 Vos
622 2003 663 2045 O
680 2003 909 2045 coelicolum
929 2004 1155 2061 gaudentes
1171 2000 1336 2058 nectare
1356 2005 1476 2056 vesci,

518 2077 764 2118 Newtonum
785 2076 910 2117 clausi
930 2084 1182 2118 reserantem
1209 2077 1358 2118 scrinia
1377 2077 1476 2128 veri,

514 2147 766 2189 Newtonum
787 2148 924 2189 Musis
946 2148 1129 2198 charum,
1152 2148 1218 2189 cui
1238 2156 1404 2203 pectore
1429 2162 1537 2203 puro

517 2219 700 2260 Phoebus
722 2219 850 2269 adest,
883 2227 1053 2275 totoque
1073 2219 1425 2272 incessitlnumine
1445 2226 1648 2261 mentem:

513 2289 604 2333 Nec
623 2290 682 2332 fas
703 2299 763 2333 est
776 2285 951 2347 ¹propius
967 2292 1128 2333 mortali
1149 2293 1350 2349 attingere
1370 2292 1500 2334 divos.

1591 2393 1731 2436 EDM

1732 2425 1742 2435 .
1777 2393 2047 2437 HALLEY.
