2086 3542
277 245 362 288 282
672 245 1126 290 PHILOSOPHIAE
1160 246 1524 296 NATURALIS
1623 250 1770 306 [Mo'r.
1790 251 1985 308 Cenum.

275 368 500 417 centroque
521 360 557 400 V
580 368 622 403 et
640 360 856 403 intervallo
872 361 913 402 V
933 375 959 403 o
978 359 1236 404 describatur
1255 362 1598 407 circulus‘secans
1619 365 1657 407 V
1684 366 1722 408 P
1739 368 1984 422 productam

275 432 319 474 in
342 447 383 489 q.
1801 477 1815 498 ὲ
1840 489 1842 491 ,
1878 471 1882 473 .
1919 480 1924 492 ,
1951 438 1954 451 ’

329 503 539 554 Quoniam
547 513 638 547 rota
648 520 691 547 e-

267 577 690 633 undosemperrevol-

266 648 375 690 vitur
411 648 520 691 cirea
558 664 688 704 punc-

265 727 354 763 tum
385 729 598 765 contactus
635 721 685 771 B,

267 793 319 849 (P)
341 792 602 837 manifestum
623 797 686 832 est

264 865 378 922 quod
389 873 499 908 recta
509 865 546 906 B
554 864 585 905 P
590 877 685 918 per-

261 935 538 993 pendicularis
553 942 615 976 est
629 934 683 976 ad

261 1006 412 1051 lineam
442 1005 556 1046 illam
589 1019 682 1046 cur-

261 1091 355 1121 vam
371 1078 412 1119 A
430 1078 466 1119 P
478 1092 602 1133 quam
614 1092 682 1118 ro-

261 1155 314 1188 tae
326 1155 526 1208 punctum
536 1147 572 1188 P
587 1147 680 1188 des-

259 1217 394 1270 cribit,
430 1227 552 1275 atque
583 1218 679 1260 ideo

258 1289 371 1346 quod
410 1297 522 1331 recta
563 1290 604 1330 V
644 1290 680 1332 P

257 1369 400 1420 tanget
431 1362 541 1403 hanc
584 1376 678 1403 cur-

211 1458 218 1465 ·
256 1447 350 1477 vam
375 1433 419 1474 in
442 1440 598 1488 puncto
626 1433 675 1475 P.

258 1505 415 1549 Circuli
443 1521 472 1546 n
493 1521 518 1546 o
539 1521 582 1546 m
612 1521 679 1547 ra-

255 1574 348 1621 dius
364 1575 516 1617 sensim
531 1583 676 1617 auctus

254 1646 320 1691 vel
358 1645 583 1687 diminutus
622 1661 680 1687 ae-

253 1724 402 1775 quetur
413 1716 580 1759 tandem
589 1716 674 1759 dis-

254 1775 394 1831 tentiae
409 1787 445 1829 C
463 1788 518 1837 P3
550 1795 605 1837 et,
622 1787 679 1828 ob

254 1859 306 1915 (q)
362 1858 671 1904 similitudinem

251 1927 397 1984 figurae
428 1943 675 1970 evanescen-

251 1999 302 2040 tis
326 1999 672 2056 Pnomqetfi-

249 2085 367 2128 gurae
395 2071 432 2113 P
449 2071 484 2113 F
506 2071 549 2114 G
568 2070 610 2113 V
630 2071 666 2121 Ι,
1862 2126 1865 2127 ⁷

249 2144 355 2190 ratio
374 2144 519 2185 ultima
538 2142 783 2186 lineolarum
804 2146 1136 2188 evanescentium
1159 2147 1195 2189 P
1214 2162 1270 2198 m,
1295 2148 1332 2190 P
1350 2162 1392 2199 n,
1417 2148 1453 2190 P
1473 2162 1512 2198 o,
1534 2146 1573 2189 P
1592 2162 1632 2204 q,
1663 2147 1708 2189 id
1729 2147 1777 2203 (²)
1797 2153 1872 2198 est,
1884 2161 1960 2194 vra:-

248 2216 308 2257 tio
330 2215 605 2256 mutationum
624 2223 1008 2258 momentanearum
1030 2233 1168 2259 curvae
1189 2219 1229 2260 A
1253 2219 1302 2270 P,
1335 2227 1458 2261 rectae
1481 2219 1517 2261 C
1539 2219 1588 2269 P,
1611 2215 1729 2260 arcus
1750 2218 1959 2260 circularis

251 2287 289 2329 B
312 2286 360 2336 P,
383 2301 431 2328 ac
451 2293 574 2327 rectae
602 2286 643 2328 V
666 2286 714 2337 P,
737 2286 883 2328 eadem
913 2288 991 2329 erit
1018 2303 1111 2344 quae
1140 2289 1342 2331 linearum
1373 2289 1409 2332 P
1430 2290 1483 2340 V,
1508 2289 1543 2331 P
1565 2289 1614 2340 F,
1638 2290 1674 2331 P
1695 2289 1751 2338 G,
1773 2288 1811 2331 P
1831 2289 1854 2331 Ι
1873 2303 1958 2330 res-

249 2357 421 2414 pective.
484 2359 593 2400 Cum
613 2365 751 2400 autem
771 2359 812 2400 V
836 2359 870 2400 F
890 2359 944 2401 ad
967 2360 1002 2401 C
1025 2360 1061 2402 F
1081 2369 1123 2403 et
1142 2361 1181 2402 V
1204 2362 1253 2403 H
1269 2361 1323 2403 ad
1345 2362 1381 2404 C
1403 2363 1444 2404 V
1469 2361 1830 2417 perpendiculares
1859 2361 1954 2414 sint,

245 2501 335 2545 r'f'(¹’)
359 2505 377 2524 θ
401 2505 598 2546 Manffestum
624 2509 666 2534 est
691 2505 770 2543 quod
783 2508 876 2534 aecta
900 2504 932 2534 B
959 2505 997 2538 P,
1017 2502 1072 2533 &a
1118 2513 1153 2533 m
1167 2513 1199 2539 n,
1215 2512 1235 2533 o
1269 2525 1279 2540 ‚
1301 2508 1450 2544 tanquam
1473 2508 1565 2534 rectae
1587 2501 1677 2533 lineis
1693 2502 1722 2533 P
1736 2512 1766 2539 n,
1785 2502 1814 2534 P
1827 2512 1858 2543 q.
1884 2513 1954 2543 per-
2006 2509 2010 2513 ’

247 2547 331 2577 Nam
347 2545 471 2576 evidens
486 2552 531 2576 est
544 2546 578 2575 in
600 2545 707 2575 circuli
733 2546 760 2576 B
778 2545 805 2575 P
822 2545 853 2575 V
875 2544 1074 2582 revolutione,
1119 2544 1252 2584 pendicu
1267 2555 1353 2583 ares;
1380 2545 1467 2575 Hinc
1481 2543 1553 2575 vero
1567 2544 1676 2586 anguli
1689 2544 1729 2575 ad
1743 2545 1887 2575 verticem
1898 2550 1953 2586 op'-

245 2595 350 2620 centro
367 2589 395 2619 B
411 2589 498 2618 radio
513 2589 540 2619 B
560 2588 587 2618 P
598 2587 728 2628 singulis
738 2586 937 2626 tempusculis
947 2586 1077 2617 describi
1118 2587 1211 2626 positi
1226 2597 1248 2616 n
1266 2587 1294 2618 P
1309 2597 1328 2616 o
1342 2593 1374 2617 et
1391 2588 1421 2618 G
1436 2587 1464 2617 P
1477 2587 1512 2625 F,
1539 2596 1570 2617 ο,
1582 2587 1611 2618 Ρ
1623 2597 1658 2617 m
1678 2593 1710 2617 et
1727 2587 1757 2617 G
1775 2587 1807 2617 P
1820 2587 1849 2624 1,
1861 2594 1953 2619 erunt

243 2642 348 2662 arcum
356 2630 459 2662 circuli
470 2641 524 2661 seu
533 2630 758 2660 incrementum
764 2639 891 2660 nascens
897 2629 1073 2666 curvaeAP,
1120 2629 1262 2669 oequales,
1279 2629 1371 2669 atque
1385 2628 1463 2660 ade&
1478 2631 1517 2660 ob
1532 2629 1663 2670 angulos
1674 2639 1693 2659 o
1705 2638 1726 2658 n
1737 2629 1767 2660 P
1780 2634 1811 2659 et
1828 2630 1859 2660 G
1874 2629 1901 2661 F
1911 2629 1949 2667 P,

243 2674 283 2704 ad
297 2673 381 2714 quod
395 2672 522 2713 proinde
537 2672 640 2702 radius
658 2672 686 2702 B
703 2672 729 2702 P
744 2671 1003 2711 perpendicularis
1017 2677 1071 2707 est,
1118 2681 1138 2701 o
1152 2682 1172 2711 q
1189 2671 1217 2701 P
1238 2677 1269 2702 et
1297 2672 1328 2702 G
1355 2672 1373 2702 Ι
1402 2672 1438 2707 P,
1463 2678 1571 2708 rectos,
1594 2670 1783 2712 proindeque
1807 2671 1949 2712 aequales,

243 2716 297 2746 sed
311 2717 350 2746 ob
365 2715 517 2755 angulum
532 2715 561 2745 V
581 2715 609 2745 P
627 2715 654 2745 B
670 2714 703 2744 in
728 2714 919 2744 semicirculo
942 2719 1071 2749 rectum,
1116 2713 1217 2753 figura
1231 2724 1412 2745 evanescens
1429 2714 1458 2745 P
1472 2724 1494 2744 n
1508 2723 1527 2744 o
1541 2723 1573 2744 m
1587 2723 1616 2754 q,
1632 2713 1741 2744 similis
1765 2714 1822 2745 erit
1842 2714 1951 2756 figurae

243 2757 325 2789 linea
341 2759 372 2788 V
389 2757 417 2788 P
432 2758 463 2787 in
478 2767 550 2788 eum
564 2756 686 2787 radium
714 2757 742 2787 B
761 2757 789 2787 P
804 2763 849 2787 est
871 2755 1072 2795 perpendicu·
1118 2755 1147 2787 P
1164 2755 1191 2786 F
1209 2756 1239 2787 G
1256 2757 1287 2786 V
1304 2756 1332 2786 1.
1472 2759 1476 2761 ’
1526 2759 1529 2762 ’
1832 2767 1835 2770 ’

242 2799 323 2835 laris,
340 2809 414 2841 ergo
428 2800 510 2830 litzea
525 2800 557 2830 V
575 2799 603 2830 P
617 2805 663 2829 est
677 2805 806 2839 tangens
820 2799 887 2840 ejus
900 2807 989 2828 arcus
1002 2807 1072 2828 nas-
1159 2797 1203 2839 (¹)
1229 2800 1246 2817 ⁸
1269 2800 1310 2830 Id
1337 2805 1380 2830 est
1403 2799 1482 2830 ratio
1502 2799 1704 2830 mutationum
1727 2804 1950 2831 momentaneo-

243 2843 340 2873 centis
354 2853 408 2873 seu
423 2842 604 2873 incrementi
619 2851 721 2872 curvae
741 2841 771 2872 A
785 2842 822 2879 P,
834 2840 963 2881 ideoque
978 2839 1074 2880 ipsius
1116 2851 1200 2876 rum,
1231 2851 1286 2870 seu
1315 2840 1575 2871 incrementorum
1605 2840 1654 2870 vel
1683 2840 1947 2872 decrementorum

243 2893 344 2914 curvae
363 2886 394 2915 A
413 2885 449 2915 P.
1116 2882 1307 2912 nascentium
1322 2893 1424 2914 curvae
1446 2884 1477 2913 A
1495 2884 1532 2918 P,
1560 2892 1630 2922 quae
1652 2892 1689 2912 ex
1708 2883 1738 2914 A
1761 2893 1793 2914 m
1807 2882 1842 2913 fit
1860 2884 1890 2915 A
1907 2883 1946 2920 P,

287 2926 331 2966 (q)
355 2929 372 2946 ¹*
397 2929 441 2958 Ec
456 2929 489 2958 ob
504 2928 728 2959 similitudinem
734 2928 852 2969 figura
861 2925 1068 2956 evanescentis.
1116 2930 1205 2955 rectae
1221 2928 1248 2955 C
1260 2927 1298 2961 P,
1320 2935 1390 2965 quae
1404 2934 1441 2955 ex
1461 2925 1486 2956 C
1502 2935 1534 2954 m
1550 2925 1585 2955 fit
1601 2925 1627 2955 C
1647 2925 1674 2955 P
1687 2936 1778 2957 arcus
1793 2927 1948 2957 circularis

246 2967 320 2998 Hire
335 2968 435 3008 figura
449 2971 646 3000 evanescente
671 2978 760 2999 arcus
788 2968 857 3004 1²⁶0,
877 2967 905 2998 P
917 2977 948 3007 q,
972 2966 1071 2997 consi-
1114 2968 1146 2998 B
1163 2969 1201 3003 Ρ,
1216 2966 1269 3006 qui
1284 2976 1322 2996 ex
1341 2967 1369 2998 Β
1384 2976 1404 2998 o
1418 2966 1454 2998 fit
1469 2967 1497 2998 B
1514 2966 1552 3003 P,
1567 2978 1605 2999 ac
1619 2974 1709 2999 rectae
1730 2970 1757 2999 V
1769 2970 1808 3005 P,
1823 2977 1894 3009 que
1907 2977 1946 2998 ex

242 3009 340 3040 derari
355 3017 482 3048 possunt
495 3017 643 3052 tanquam
658 3011 748 3041 lineae
769 3016 869 3047 rectae,
895 3019 950 3040 seu
972 3016 1072 3049 partes
1117 3009 1149 3040 V
1159 3017 1188 3050 q,
1204 3008 1241 3039 fit
1257 3009 1287 3039 V
1304 3009 1341 3040 P.

242 3052 436 3093 tangentium
453 3053 488 3083 H
509 3054 545 3089 l',
575 3054 605 3084 V
623 3054 651 3084 P
675 3052 904 3092 producturum.
928 3057 960 3082 et
983 3061 1073 3083 arcus
