2086 3542
200 240 344 314 Lim
362 269 574 320 Panum]
661 263 979 306 PRINOEPIA
1020 262 1512 305 MATHEMATICA.
1810 270 1894 308 215

194 386 236 427 A
271 384 446 434 OQ÷
482 381 521 422 E
553 378 812 428 adradium,
842 385 932 419 tum
965 375 1205 433 angulusG
1235 376 1290 417 ad
1327 377 1526 433 angulum
1560 377 1739 420 N—A
1775 379 1817 421 Ο
1851 380 1897 430 Q

193 482 251 491 —
272 457 311 499 E
336 463 380 506 -Ι-
406 454 443 497 F
472 460 519 495 u't
537 460 600 494 est
636 449 854 508 longitudo
884 448 924 490 L
962 448 1016 490 ad
1044 447 1347 505 longitudinem
1375 448 1551 490 eandem
1583 449 1726 491 cosinu
1755 450 1896 508 anguli

196 529 237 570 A
252 528 294 571 Ο
314 527 358 577 Q
383 532 425 575 -ί-
453 524 492 566 Ε
518 523 762 565 diminutam
781 520 854 563 ubi
886 519 1064 577 angulus
1093 519 1171 561 iste
1209 526 1324 561 recto
1356 519 1494 561 minor
1526 527 1602 571 est,
1633 528 1796 563 auctam
1827 522 1897 562 ubi

192 600 333 654 major.
391 594 536 638 Tertifi
569 594 658 635 vice
703 592 888 648 capiatur
927 589 1102 648 angulus
1144 589 1193 632 H
1231 590 1286 632 ad
1323 590 1523 647 angulum
1559 591 1610 642 B,
1660 599 1708 633 ut
1745 599 1808 633 est
1846 592 1899 632 si-

193 663 678 724 nusanguliAOQ÷
700 663 740 705 E
766 668 810 712 -Ι-
833 661 1157 711 Gadradium;
1188 661 1464 718 etangulusI
1492 660 1547 703 ad
1573 661 1899 718 angulumN—

193 739 232 781 A
244 738 339 788 OQ
352 762 409 769 —
423 736 462 778 E
474 760 531 769 —
545 733 591 777 G
608 740 659 785 --1-
687 733 750 786 Η,
770 740 818 775 ut
837 740 900 776 est
913 731 1130 789 longitudo
1150 732 1190 774 L
1209 732 1263 774 ad
1283 732 1457 775 eandem
1476 733 1777 790 longitudinem
1797 732 1902 775 cosi·
1959 732 1964 733 ⁷

193 825 252 852 nu
280 808 422 866 anguli
461 808 503 849 A
543 806 586 848 O
615 805 670 855 Q
714 811 758 855 -Ι-
805 804 844 846 Ε
889 810 933 854 -Ι-
975 803 1019 846 G
1052 803 1310 854 diminutam,
1351 804 1424 846 ubi
1462 805 1637 862 angulus
1671 805 1748 846 iste
1786 813 1901 846 recto

194 880 330 923 minor
344 887 419 929 est,
450 884 612 919 auctam
630 875 703 918 ubi
721 875 864 931 major.
925 873 982 915 Et
1000 875 1059 916 sic
1076 888 1252 932 pergere
1271 875 1368 917 licet
1380 875 1425 917 in
1444 875 1664 918 infinitum.
1704 875 1901 932 Denique

194 951 383 1007 capiatur
398 948 574 1006 angulus
605 947 647 989 A
667 945 710 989 O
738 961 767 1002 q
799 943 968 1001 aequalis
994 944 1149 1001 angulo
1170 946 1211 987 A
1232 945 1274 988 O
1296 945 1340 996 Q
1365 953 1408 997 4-
1436 946 1475 988 Ε
1502 953 1545 997 ÷
1572 947 1617 990 G
1642 947 1730 1003 -1-71
1757 953 1800 997 -ι-
1826 948 1903 989 ἃς,

196 1022 253 1064 Et
282 1020 328 1076 (⁸)
359 1034 413 1062 ex
441 1019 584 1060 cosinu
603 1018 690 1073 ejus
729 1016 771 1058 O
800 1030 822 1057 r
860 1023 902 1057 et
940 1014 1130 1057 ordinata
1165 1030 1245 1071 pr,
1277 1031 1371 1073 quae
1390 1025 1452 1059 est
1470 1017 1525 1059 ad
1551 1018 1688 1060 sinum
1727 1018 1813 1074 ejus
1834 1034 1862 1074 q
1881 1034 1904 1060 r

194 1100 241 1135 ut
278 1090 467 1146 eUipseos
501 1088 589 1130 axis
626 1088 763 1129 minor
801 1086 855 1128 ad
890 1101 1013 1128 axem
1050 1087 1262 1142 majorem,
1304 1086 1524 1130 habebitur
1557 1090 1742 1145 corporis
1786 1090 1902 1132 locus

195 1171 402 1206 correctus
421 1177 463 1217 p.
513 1161 560 1217 (ἵ)
594 1160 639 1203 Si
670 1159 837 1216 quando
857 1159 1034 1216 angulus
1071 1158 1113 1200 N
1132 1182 1189 1191 —
1209 1159 1248 1201 A
1282 1158 1323 1201 O
1359 1159 1403 1210 Q
1429 1166 1472 1210 -ξ-
1496 1161 1544 1203 D
1578 1162 1792 1218 negativus
1827 1169 1903 1212 est,

195 1234 319 1276 debet
346 1233 510 1290 signum
548 1237 592 1281 -Ι-
624 1230 753 1286 ipsius
783 1229 822 1271 E
853 1229 1006 1285 ubique
1043 1229 1193 1271 mutari
1231 1229 1276 1270 in
1308 1254 1379 1280 —,
1433 1239 1475 1272 et
1513 1231 1748 1289 signum—
1761 1232 1806 1273 in
1841 1238 1905 1282 4.

197 1304 314 1347 Idem
330 1301 646 1359 intelligendum
665 1308 728 1342 est
746 1300 799 1342 de
821 1300 950 1356 signis
972 1300 1157 1354 ipsorum
1174 1300 1217 1342 G
1232 1308 1274 1342 et
1294 1300 1328 1352 1,
1351 1301 1423 1342 ubi
1443 1302 1585 1358 anguli
1606 1302 1649 1344 N
1666 1325 1723 1335 -—
1743 1303 1785 1344 A
1802 1302 1843 1344 O
1865 1302 1908 1352 Q

196 1399 254 1408 -—
269 1374 308 1416 E
330 1374 430 1424 ÷F,
453 1381 495 1414 et
514 1372 557 1414 N
577 1395 634 1405 —·
656 1372 696 1413 A
713 1370 755 1412 O
776 1370 820 1420 Q
840 1395 896 1403 —
919 1370 957 1411 E
972 1395 1029 1403 —
1045 1371 1089 1413 G
1115 1377 1158 1420 -Ι-
1187 1370 1234 1412 Η
1255 1372 1433 1428 negativi
1452 1372 1671 1428 prodeunt.
1723 1373 1910 1415 Conver-

196 1446 259 1504 git
277 1452 415 1487 autem
435 1443 558 1485 series
577 1441 747 1484 infinita*
769 1442 810 1483 A
832 1441 874 1483 O
896 1441 940 1491 Q
965 1447 1009 1491 -Ι-
1037 1441 1075 1483 Ε
1101 1447 1144 1491 -Ι-
1173 1442 1216 1484 G
1242 1449 1284 1492 ÷
1312 1443 1334 1484 I
1361 1450 1405 1493 -Ι-
1431 1445 1506 1486 &c.
1537 1459 1660 1500 quam
1682 1442 1907 1494 celerrime,

197 1517 302 1559 adeo
316 1524 363 1558 ut
377 1516 447 1557 vix
465 1528 649 1571 unquam
663 1527 770 1568 opus
790 1511 914 1554 fuerit
946 1512 1055 1554 ultra
1087 1513 1283 1570 progredi
1303 1529 1428 1570 quam
1447 1515 1501 1556 ad
1520 1516 1743 1557 terminum
1763 1529 1909 1557 secun-

198 1589 299 1631 dum
320 1588 370 1629 E.
430 1587 487 1629 Et
505 1586 702 1628 fundatur
716 1584 899 1626 calculus
920 1584 963 1626 in
982 1583 1064 1626 hoc
1083 1584 1351 1638 theoremate,
1373 1586 1485 1642 quod
1505 1601 1600 1628 area
1621 1588 1662 1629 A
1684 1588 1721 1630 P
1743 1589 1773 1631 S
1793 1588 1846 1630 sit
1864 1595 1911 1630 ut

199 1657 430 1701 differentia
441 1657 547 1699 inter
562 1670 705 1700 arcum
714 1654 801 1704 AQ

199 1737 242 1773 et
300 1736 456 1771 rectam
513 1727 567 1769 ab
624 1725 788 1768 umbili-

200 1815 251 1842 co
276 1798 551 1844 Sinradium
573 1797 789 1852 OQper-

199 1870 519 1927 pendiculariter
538 1867 770 1910 demissam.

259 1943 357 1984 Non
391 1938 578 1984 dissimili
626 1939 786 1982 calculo

202 2013 416 2055 conficitur
427 2013 642 2069 problema
652 2015 696 2056 in
707 2015 784 2073 hy-

203 2083 385 2140 perbole.
449 2084 511 2126 Sit
549 2087 636 2141 ejus
685 2102 782 2130 cen-

203 2164 314 2197 trum
346 2155 400 2205 O,
432 2163 576 2197 vertex
603 2157 657 2207 A,
690 2172 782 2200 um-

204 2225 349 2268 bilicus
384 2226 414 2267 S
447 2234 488 2267 et
527 2235 782 2282 asymptotos

207 2296 248 2339 Ο
264 2295 318 2347 Κ.
342 2296 633 2354 Cognoscatur
651 2314 780 2354 quan-

205 2366 300 2409 titas
341 2381 448 2409 areae
487 2367 777 2411 abscindendae

206 2438 382 2493 tempori
440 2439 774 2493 proportionalis.

210 2507 274 2550 Sit
291 2522 341 2550 ea
361 2508 416 2559 A,
447 2517 489 2551 et
514 2509 588 2551 fiat
606 2512 771 2566 conjec-

209 2585 304 2619 tura
331 2577 385 2620 de
412 2579 616 2633 positione
650 2590 774 2623 rectae

212 2645 307 2699 SP,
328 2663 422 2704 quae
440 2664 578 2691 aream
602 2652 653 2693 ‘A
685 2651 721 2693 P
742 2653 772 2695 S

257 2787 301 2836 (Γ)
314 2791 342 2811 1*
366 2792 416 2822 E:
437 2793 541 2842 cuci-nu
565 2795 635 2843 Os.
685 2795 744 2826 Est
774 2797 855 2829 enim
886 2799 989 2830 radius
1014 2801 1053 2831 ad
1095 2802 1184 2833 debet
1214 2803 1339 2844 signnm
1361 2804 1456 2844 ipsius
1477 2806 1520 2848 -Ι-
1542 2806 1583 2842 Ε,
1610 2807 1724 2847 ubique
1751 2808 1864 2839 mutari
1885 2808 1919 2840 in

214 2840 354 2879 coffinum
368 2834 476 2874 anguli
490 2842 606 2886 inventi
631 2838 660 2867 A
680 2838 711 2869 0
725 2848 755 2878 q,
778 2845 814 2870 ut
827 2850 846 2880 q
864 2841 894 2872 O
918 2843 957 2872 ad
975 2843 1005 2874 Ο
1025 2853 1051 2880 r,
1093 2862 1146 2881 —‚
1162 2852 1194 2875 et
1214 2846 1337 2886 signum
1351 2847 1441 2877 —in
1452 2849 1502 2890 -μ
1550 2849 1707 2884 Quoniam
1729 2849 1813 2880 enim
1827 2849 1919 2888 supra

216 2879 410 2923 invenientur
434 2886 509 2917 ergo
532 2884 685 2916 punctum
713 2890 738 2916 r,
762 2887 794 2912 et
818 2883 956 2914 ordinata
980 2895 1000 2926 q
1022 2895 1048 2915 r.
1077 2887 1267 2925 ,invenimus
1293 2888 1346 2918 E:
1369 2889 1453 2919 N—
1468 2890 1500 2920 A
1524 2891 1611 2932 (24
1628 2891 1661 2921 D
1683 2904 1730 2921 =
1755 2892 1807 2923 L:
1827 2891 1858 2922 L
1873 2891 1916 2929 -ἶ

218 2914 342 2945 Deinde
355 2926 381 2945 ει
395 2916 498 2966 θοι-ιιι
511 2920 576 2950 axis
590 2922 739 2962 majorad
760 2924 922 2964 minorem,
945 2926 988 2957 ἰιὲι
1001 2937 1022 2968 q
1035 2938 1052 2958 r
1093 2939 1153 2959 cos.
1171 2930 1200 2959 A
1220 2930 1261 2965 Q„
1285 2930 1309 2960 si
1325 2931 1418 2961 fuerit
1441 2942 1530 2962 arcus
1546 2933 1578 2962 N
1591 2949 1635 2957 —-
1652 2937 1682 2963 A
1701 2934 1734 2970 Q
1746 2935 1788 2976 -Ι-
1806 2930 1918 2972 D,⁷ne-

217 2955 258 2986 ad
271 2966 293 2995 p
307 2966 332 2993 r,
354 2957 516 3006 habebitur
530 2962 617 2993 locus
630 2966 764 3003 corporis
779 2977 808 3005 p.
1093 2972 1223 3011 gativns,
1246 2972 1337 3003 debet
1356 2983 1480 3013 quoque
1500 2983 1589 3004 arcus
1615 2975 1645 3005 E
1660 2985 1726 3007 esse
1747 2980 1919 3018 negativus,

264 2998 307 3039 (¹)
332 3001 349 3019 ὓ
375 3000 410 3030 Sl
432 3003 567 3052 quanda·
577 3006 711 3046 angulus
737 3008 826 3038 N—
846 3009 875 3039 A
895 3011 926 3046 Q
946 3011 988 3053 -ξ-
1006 3012 1049 3047 D,
1093 3019 1124 3043 et
1152 3024 1240 3043 arcus
1265 3014 1295 3044 A
1318 3025 1338 3054 q
1366 3014 1423 3045 erit
1447 3016 1475 3045 A
1495 3016 1584 3052 Q—
1599 3017 1640 3047 Ε.
1688 3018 1778 3050 Idem
1806 3020 1906 3052 intelli

218 3051 273 3071 seu
287 3051 376 3089 arcus
395 3042 428 3078 Q
450 3044 499 3080 M,
524 3046 600 3086 (Vld-
629 3047 682 3087 fig.
702 3049 796 3089 Not.)
821 3052 981 3091 negativus
995 3060 1050 3090 est,
1095 3055 1233 3094 gendum
1257 3062 1302 3086 cst
1331 3056 1370 3086 de
1398 3057 1493 3098 signis
1506 3058 1642 3097 ipsorum
1661 3060 1691 3091 G
1706 3067 1735 3092 et
1763 3061 1791 3099 Ι,
1807 3063 1864 3094 διο.
1879 3065 1920 3095 ob

218 3093 274 3114 scu
302 3093 327 3114 si
353 3090 506 3124 punctum
538 3087 587 3125 M,
611 3089 692 3120 cadit
722 3091 803 3122 infra
827 3101 979 3132 punctum
1008 3096 1050 3132 Q,
1094 3096 1223 3128 eandem
1243 3098 1403 3129 rationem.
