2086 3542
185 272 335 314 Lim-:R
356 272 570 322 Primus]
630 270 951 313 PRINCIPIA
983 260 1477 312 MATHEMATICA.
1804 272 1888 308 323

186 395 229 429 et
248 402 356 429 areae
375 387 650 442 respondeant
668 385 936 441 temp01·ibu3‚
958 385 1044 427 sine
1065 398 1218 435 errore,
1240 384 1312 440 qui
1331 399 1416 425 non
1438 385 1489 425 sit
1508 384 1644 424 minor
1655 383 1798 439 quovis
1819 383 1892 425 da-

185 469 240 500 to.
304 458 359 507 Q.
380 473 416 499 e.
436 472 476 499 0.

244 531 334 571 Cas.
365 534 405 571 2.
437 529 488 584 (⁸)
521 528 746 586 Fingamus
758 530 846 584 jam
867 536 1044 584 systema
1063 541 1285 583 corporum
1304 527 1513 568 minorum
1531 526 1662 568 modo
1683 527 1771 581 jam
1799 526 1893 567 des-

185 599 319 654 cripto
337 598 445 640 circa
464 599 691 640 maximum
708 598 1016 649 revolventium,
1049 597 1213 639 aliudve
1246 597 1420 653 quodvis
1450 596 1628 637 duorum
1662 596 1816 637 circum
1850 610 1895 637 se

184 669 330 711 mutuo
349 669 648 711 revolventium
677 684 900 724 corporum
920 676 1099 725 systema
1117 668 1315 725 progredi
1334 667 1594 722 uniformiter
1613 667 1657 707 in
1676 666 1892 717 directum,

182 749 225 782 et
242 741 400 782 interea
418 741 459 781 vi
479 741 664 796 corporis
685 740 852 781 alterius
872 739 996 797 longe
1016 739 1187 781 maximi
1209 747 1250 781 et
1279 738 1332 780 ad
1362 753 1557 796 magnam
1575 737 1812 779 distantiam
1832 738 1897 779 siti

182 812 322 868 urgeri
340 811 396 853 ad
414 811 536 853 latus.
596 811 654 853 Et
672 812 869 867 quoniam
887 811 1068 867 aequales
1088 811 1193 852 vires
1213 810 1531 861 acceleratrices,
1554 809 1702 866 quibus
1723 823 1898 864 corpora

182 882 407 923 secundum
427 882 555 924 lineas
574 881 790 937 parallelas
810 890 1024 939 urgentur,
1045 896 1130 922 non
1149 889 1313 923 mutant
1332 881 1432 922 situs
1459 895 1682 936 corporum
1709 880 1764 922 ad
1793 880 1898 921 invi-

184 966 289 1003 cem,
311 952 384 994 sed
405 961 452 994 ut
471 947 648 1008 systema
666 959 814 1003 totum,
836 952 1008 994 servatis
1026 952 1208 1008 partium
1225 952 1408 993 motibus
1426 952 1535 993 inter
1554 967 1611 1002 se,
1628 950 1749 992 simul
1765 958 1898 992 trans-

183 1023 352 1073 feratur,
374 1023 578 1064 efficiunt:
608 1022 869 1064 manifestum
899 1031 962 1064 est
981 1022 1107 1078 quod,
1129 1037 1183 1064 ex
1201 1022 1513 1064 attractionibus
1532 1022 1577 1063 in
1597 1036 1746 1077 corpus
1766 1021 1898 1063 maxi-

183 1108 311 1145 mum,
332 1094 448 1135 nulla
466 1108 633 1148 prorsus
652 1094 808 1135 orietur
829 1093 1004 1135 mutatio
1023 1101 1160 1135 motus
1179 1101 1451 1134 attractorum
1471 1093 1579 1134 inter
1598 1108 1654 1144 se,
1671 1092 1751 1133 nisi
1765 1092 1830 1134 vel
1845 1106 1900 1133 ex

180 1165 471 1208 attractionum
491 1165 823 1206 acceleratricum
843 1164 1135 1220 inaequalitate,
1165 1163 1232 1205 vel
1259 1177 1312 1205 ex
1338 1164 1604 1205 inclinatione
1623 1164 1825 1204 linearum
1845 1163 1899 1204 ad

179 1237 381 1278 invicem:
413 1236 642 1278 secundum
661 1250 763 1291 quas
782 1236 1046 1277 attractiones
1066 1236 1185 1277 fiunt.
1248 1236 1365 1277 Pone
1385 1250 1487 1292 ergo
1516 1236 1779 1277 attractiones
1810 1250 1899 1276 om-

179 1322 254 1350 nes
274 1302 578 1349 acceleratrices
597 1307 641 1347 in
661 1322 810 1362 corpus
829 1307 1058 1348 maximum
1078 1322 1169 1348 esse
1187 1307 1296 1348 inter
1316 1321 1359 1348 se
1385 1307 1596 1362 reciproce
1625 1315 1672 1348 ut
1701 1307 1901 1363 quadrata

178 1379 466 1422 distantiarum
481 1395 493 1429 3
523 1388 565 1421 et
585 1379 779 1436 augendo
799 1379 984 1433 corporis
1005 1377 1177 1420 maximi
1195 1377 1446 1429 distantiam,
1469 1378 1603 1420 donec
1622 1387 1827 1419 rectarum
1847 1378 1900 1420 ab

177 1450 260 1493 hoc
279 1452 333 1493 ad
354 1451 514 1507 reliqua
533 1451 754 1492 ductarum
773 1450 1017 1492 differentiae
1032 1457 1223 1504 respectu
1243 1464 1386 1490 earum
1406 1449 1678 1506 longitudinis
1709 1457 1752 1491 et
1784 1449 1900 1491 incli-

178 1522 371 1563 nationes
392 1521 447 1563 ad
466 1521 643 1563 invicem
662 1521 844 1562 minores
865 1521 960 1570 sint,
983 1535 1108 1576 quam
1127 1519 1236 1561 datae
1257 1519 1439 1576 quaevis3
1469 1519 1791 1574 perseverabunt
1809 1534 1899 1560 mo-

177 1602 242 1635 tus
260 1594 442 1648 partium
462 1594 692 1649 systematis
711 1593 819 1634 inter
839 1608 882 1634 se
901 1593 990 1633 sine
1010 1592 1230 1643 erroribus,
1253 1593 1324 1648 qui
1343 1607 1430 1633 non
1450 1592 1532 1633 sint
1550 1593 1762 1648 quibusvis
1792 1592 1901 1634 datis

177 1664 369 1706 minores.
433 1664 490 1706 Et
510 1664 719 1720 quoniam,
742 1664 797 1705 ob
817 1664 1011 1720 exiguam
1030 1663 1211 1718 partium
1230 1663 1396 1704 illarum
1416 1664 1469 1704 ab
1503 1663 1681 1704 invicem
1712 1663 1901 1705 distanti-

176 1750 259 1785 am,
281 1743 460 1790 systema
478 1743 614 1776 totum
632 1734 687 1775 ad
707 1734 879 1775 modum
898 1734 1083 1788 corporis
1105 1734 1226 1774 unius
1246 1733 1493 1783 attrahitur3
1525 1733 1760 1775 movebitur
1789 1733 1900 1775 idem

178 1805 261 1848 hac
281 1806 524 1847 attractione
544 1805 598 1846 ad
618 1805 790 1846 modum
810 1805 996 1859 corporis
1016 1805 1164 1853 unius;
1195 1804 1276 1845 hoc
1297 1813 1372 1855 est,
1406 1804 1458 1859 (¹³)
1490 1814 1633 1846 centro
1662 1820 1737 1846 suo
1765 1806 1902 1863 gravi-

181 1876 278 1917 tatis
299 1876 507 1917 describet
525 1876 635 1917 circa
666 1890 816 1930 corpus
850 1875 1082 1916 maximum
1116 1874 1341 1916 sectionem
1377 1874 1558 1930 aliquam
1591 1875 1776 1916 conicam
1808 1876 1900 1931 (viz.

181 1947 231 2002 (⁰)
264 1946 558 2002 Hyperbolam
576 1946 643 1988 vel
662 1946 905 2001 parabolam
926 1945 1169 1987 attractione
1198 1945 1408 2002 languida,
1443 1946 1604 2001 ellipsin
1638 1946 1825 2000 fortiore)
1861 1956 1903 1990 et

177 2019 296 2061 radio
316 2018 370 2059 ad
389 2019 619 2059 maximum
639 2018 766 2059 ducto
788 2018 997 2059 describet
1014 2032 1132 2059 areas
1152 2017 1409 2071 temporibus
1438 2018 1781 2074 proportionales,
1813 2021 1902 2062 sine

177 2090 272 2131 ullis
293 2088 514 2137 erroribus,
537 2089 617 2129 nisi
637 2103 739 2144 quas
758 2088 941 2143 partium
962 2087 1185 2138 distantiae,
1202 2087 1441 2144 perexiguae
1460 2102 1558 2130 sane
1584 2097 1626 2130 et
1654 2103 1733 2144 pro
1766 2089 1904 2135 lubitu

179 2159 430 2211 minuendae,
452 2159 616 2202 valeant
636 2159 809 2202 efficere.
872 2159 927 2211 Q.
951 2174 988 2202 e.
1009 2173 1048 2201 0.

177 2274 279 2323 soluta
306 2275 356 2326 liic
384 2279 589 2324 supponatur*
603 2273 740 2322 materiae
767 2272 1011 2323 proportionalis,
1116 2286 1119 2290 ·
1759 2287 1801 2330 O
1829 2290 1866 2333 P

177 2316 331 2348 diminuta
346 2327 480 2356 corporis
493 2326 601 2352 massa,
617 2326 663 2346 vis
676 2322 834 2347 attractiva
851 2325 885 2345 m
904 2315 1012 2347 eadem

177 2358 296 2390 ratione
311 2360 474 2390 minuitur.
1525 2344 1557 2386 p
1576 2342 1605 2370 ο

221 2400 267 2442 (a)
292 2406 307 2422 ⁰
332 2404 507 2442 Fingamus
516 2402 590 2441 jam
613 2412 773 2442 ‘'Orpomm
793 2402 955 2437 mimrum,
975 2399 1011 2435 P,
1227 2394 1268 2442 R
1607 2411 1690 2453 m

177 2453 208 2482 p,
225 2456 257 2480 τ,
274 2447 359 2475 modo
365 2445 438 2484 jam
451 2445 594 2486 descripto
610 2443 692 2478 circei
702 2445 870 2477 marimum
882 2442 909 2475 T
920 2445 1013 2476 ravol-
1656 2454 1661 2456 ’·
1716 2439 1767 2487 T

177 2486 311 2518 centium
331 2493 458 2529 systema
478 2491 620 2529 pmgredi
641 2490 834 2530 umformiter·
855 2490 891 2519 in
915 2489 1012 2518 direc—

177 2534 256 2566 tum,
278 2541 334 2561 seu
356 2531 451 2561 totius
473 2530 643 2570 systematis
665 2541 831 2561 commune
855 2530 1013 2572 gravitatis
1539 2545 1564 2571 0

178 2578 319 2603 centrum
347 2573 386 2608 T,
415 2573 559 2614 progredi
589 2573 783 2604 uniformiter
810 2583 865 2612 per
897 2579 1012 2603 rectam
1155 2548 1280 2627 f
1455 2586 1466 2594 x
1527 2575 1583 2625 qt

181 2613 211 2643 T
228 2614 269 2651 R,
291 2622 319 2645 et
332 2615 447 2647 intere&
463 2617 493 2646 vi
506 2618 637 2656 corporis
647 2613 776 2647 'alterius
790 2615 875 2655 long?
891 2617 1013 2646 maximi
1191 2608 1243 2656 H

179 2656 210 2691 S,
226 2663 251 2686 et
266 2659 307 2687 ad
320 2669 466 2697 magnam
481 2659 656 2688 distantiam
670 2659 729 2694 siti,
745 2659 850 2698 urgeri
869 2659 911 2688 ad
931 2659 1012 2689 latus

179 2699 350 2729 secundum
363 2706 460 2730 rectas
485 2700 513 2730 P
530 2700 560 2736 S,
586 2710 607 2739 p
622 2710 646 2736 s,
673 2711 698 2731 a*
713 2701 744 2736 S,
771 2701 800 2730 T
819 2700 849 2734 S.
875 2706 968 2740 atque
992 2709 1012 2730 a

179 2739 262 2770 recta
278 2741 307 2771 T
324 2742 356 2772 R
368 2741 480 2774 retrahi
494 2742 572 2772 etin
586 2752 712 2772 curvam
729 2743 759 2773 T
775 2742 811 2773 H
825 2743 906 2783 cogi,
921 2743 978 2772 &c-

223 2781 268 2823 (ὓ)
292 2785 310 2801 ”
334 2785 403 2815 Hoc
417 2791 468 2820 est,
494 2793 596 2816 centro
620 2796 675 2816 suo
698 2786 866 2824 gravitatis,
891 2785 926 2814 in
950 2794 1013 2825 quo

181 2830 284 2854 totum
299 2831 431 2863 systema
443 2827 584 2867 gravium
611 2825 650 2863 P,
665 2837 695 2867 p,
713 2839 746 2864 r,
764 2827 804 2864 T,
830 2826 956 2857 unitum
977 2837 1013 2857 ac

181 2868 372 2896 contractum
386 2867 569 2909 intelligitur
590 2869 674 2911 (71).
1042 2878 1045 2879 ’

224 2907 268 2949 (⁰)
294 2912 309 2927 '
335 2909 538 2948 Hyperbolum
566 2913 612 2942 vel
637 2913 814 2952 parabolam
837 2913 1014 2943 attractione

180 2950 338 2998 languida.
350 2952 474 2990 ellipsim
482 2953 531 2983 vel
539 2953 690 2984 circulum
693 2955 824 2996 fortiore
832 2969 844 2990 ,-
868 2960 1014 2984 manente

181 3002 266 3022 emm
283 2992 440 3023 velocitate
455 2995 588 3033 corporis
601 2995 681 3026 circi
699 3002 840 3026 centrum
861 2996 975 3026 virIum
992 2995 1015 3026 S
1595 2976 1630 3028 S

179 3034 318 3074 projecti,
349 3041 382 3065 et
408 3034 562 3066 circulum
586 3037 636 3067 vel
659 3038 792 3076 ellipsim
817 3038 1014 3068 describentis

180 3076 281 3107 minui
296 3076 386 3108 debet
399 3076 484 3108 illius
497 3078 535 3108 ad
551 3085 691 3110 centrum
708 3080 730 3110 S
744 3080 892 3116 attractio,
915 3085 952 3110 ut
973 3079 1014 3110 ad

986 3134 1063 3164 X2
