2086 3542
221 278 302 316 226

617 258 1067 317 PHIL‘OSOPHIAE
1085 274 1460 318 ‘NATURALIS

1908 0 1913 2 -
1946 0 1964 7 v.»
1979 0 2086 17 Ἴης-μμ-

1559 274 1704 326 [Μοτ.
1723 275 1923 322 Gonnos.

862 505 1107 557 SECTIO
1140 505 1259 556 VII.

497 670 577 716 De
597 683 841 731 corporum
863 682 1050 715 ascensu
1071 673 1117 714 et
1130 669 1345 714 descensu
1365 665 1610 716 rectilineo.

458 839 832 882 PROPOSITIO
863 839 1066 881 XXXII.
1095 806 1462 881 'PROBLEMA
1493 838 1667 883 XXIV.
1698 882 1700 884 ,

214 971 352 1013 Posito
372 970 533 1024 quodvis
559 970 777 1023 centripeta
793 970 845 1010 sit
864 966 1057 1022 reciproce
1076 969 1390 1021 proportionalis
1417 970 1611 1022 quadrato
1642 969 1844 1011 distantiae
1861 972 1920 1012 lo-

269 1053 397 1080 corum
413 1054 455 1083 >a
473 1044 616 1088 centro,
645 1039 778 1091 spatia
799 1039 960 1092 definire
988 1051 1075 1091 quae
1092 1051 1227 1091 corpus
1245 1035 1353 1079 rectd
1367 1040 1540 1079 cadendo
1559 1039 1665 1080 datis
1689 1040 1920 1092 temporibus
1978 1096 1979 1100 Ἰ

271 1110 464 1151 describit.

272 1253 362 1294 Cas.
387 1257 424 1293 1.
457 1250 502 1292 Si
522 1264 670 1304 corpus
700 1264 785 1290 non
825 1248 934 1290 cadit
952 1248 1268 1303 perpendicula·
1353 1256 1397 1303 A

214 1323 327 1373 riter,
349 1320 554 1363 describet
572 1319 616 1360 id
639 1322 732 1374 (per
754 1318 894 1360 Corol.
913 1324 948 1359 1.
972 1318 1097 1373 Prop.
1120 1318 1271 1370 XIII.)

210 1392 434 1433 sectionem
467 1390 646 1446 aliquam
679 1388 865 1429 conicam
902 1389 1016 1443 cujus
1057 1387 1272 1428 umbilicus

213 1462 407 1518 congruit
427 1475 521 1502 cum
553 1467 696 1500 centro
732 1458 893 1499 virium.
956 1457 1018 1499 Sit
1048 1457 1173 1499 sectio
1201 1457 1273 1498 illa

213 1534 356 1575 conica
376 1533 418 1574 A
441 1532 480 1573 R
503 1531 539 1573 P
554 1531 591 1573 B
606 1538 648 1572 et
662 1530 880 1572 umbilicus
901 1530 986 1584 ejus
1009 1531 1051 1572 S.

1111 1529 1168 1572 Et
1186 1530 1271 1584 pri-

212 1619 282 1646 mo
303 1605 336 1645 si
355 1604 491 1661 figura
510 1602 663 1657 ellipsis
685 1609 767 1651 est3
799 1612 922 1656 super
941 1601 1063 1657 hujus
1085 1614 1163 1661 axe
1182 1617 1271 1642 ma-

207 1678 301 1733 jore
323 1678 360 1718 A
386 1677 423 1718 B
444 1675 701 1717 describatur
719 1674 997 1715 semicirculus
1019 1674 1060 1715 A
1081 1674 1124 1715 D
1148 1671 1198 1724 B,
1230 1682 1272 1716 et

213 1763 292 1805 per
326 1762 475 1802 corpus
514 1746 708 1788 decidens
748 1753 928 1787 transeat
962 1754 1074 1787 recta
1107 1746 1151 1787 D
1175 1743 1211 1787 P
1233 1746 1270 1786 C
1358 1756 1393 1802 (J

213 1817 562 1874 perpendicularis
584 1816 638 1857 ad
664 1831 811 1866 axem3
842 1816 1021 1871 actisque
1043 1816 1086 1856 D
1110 1816 1152 1866 S,
1182 1816 1218 1857 P
1239 1814 1269 1856 S

211 1891 290 1932 erit
327 1904 423 1931 area
455 1890 495 1930 A
526 1889 555 1930 S
588 1888 633 1930 D
673 1902 780 1932 areae
817 1887 857 1928 A
881 1888 910 1929 S
935 1887 983 1937 P,
1015 1894 1136 1942 atque
1175 1887 1270 1928 ideo

961 1957 1161 1999 Manente
1192 1973 1270 1999 axe

214 2032 256 2074 A
278 2032 316 2074 B
335 2031 545 2072 minuatur
576 2038 778 2085 perpetuo
804 2030 978 2071 latitudo
998 2030 1198 2085 ellipseos‚
1230 2036 1272 2071 et
1360 2053 1389 2104 S
1405 1798 1646 2147 j
1779 1977 1823 2024 Ε

214 1959 339 2001 etiam
359 1958 536 2013 tempori
566 1957 900 2013 proportionalis.

210 2116 373 2157 semper
390 2101 572 2141 manebit
606 2114 701 2141 area
722 2100 762 2141 A
785 2100 815 2141 S
835 2100 879 2141 D
900 2100 1075 2154 tempori
1096 2114 1272 2156 propor-
1347 2120 1391 2168 B

207 2174 383 2216 tionalis.
417 2173 465 2229 (θ)
499 2172 718 2214 Minuatur
751 2172 926 2214 latitudo
948 2172 1106 2213 .illa·in
1133 2171 1270 2212 infini-

205 2251 319 2285 tum:
351 2250 392 2284 et
411 2243 511 2284 orbe
535 2243 570 2283 A
595 2243 631 2283 P
654 2242 690 2283 B
717 2243 806 2298 jam
826 2241 1081 2283 coincidente
1115 2256 1208 2282 cum
1229 2255 1307 2282 axe
1330 2241 1372 2283 A
1394 2241 1432 2282 B
1466 2248 1509 2282 et
1538 2240 1733 2282 umbilico
1756 2241 1786 2283 S
1817 2253 1912 2281 cum

204 2315 292 2356 axis
323 2314 500 2356 termino
523 2313 574 2364 B,
606 2312 827 2354 descendet
861 2326 1010 2367 corpus
1031 2312 1073 2352 in
1108 2313 1219 2353 rectfi
1241 2312 1281 2353 A
1305 2311 1355 2362 C,
1387 2318 1429 2353 et
1467 2326 1563 2352 area
1582 2311 1623 2352 A
1646 2310 1683 2353 B
1703 2310 1748 2352 D
1768 2309 1912 2353 evadet

203 2384 378 2440 tempori
415 2382 748 2439 proportionalis.

246 2511 291 2553 (ε)
314 2515 386 2543 591.
412 2512 553 2543 Lemma.
581 2511 614 2542 Si
642 2510 785 2542 sectionis
812 2510 927 2542 conicae
955 2510 1037 2541 latus

202 2560 322 2584 rectum
334 2553 373 2584 ad
387 2564 478 2584 axem
492 2560 697 2584 transversum
713 2554 867 2593 pertinens
888 2553 1036 2592 perpetuo

202 2596 368 2631 minuatur,
386 2602 416 2626 et
431 2596 557 2626 tandem
572 2604 739 2633 evanescat,
767 2603 912 2626 manente
926 2595 1034 2626 sectio-

203 2638 250 2667 nis
271 2648 328 2668 axe
358 2644 539 2675 transverso,
563 2648 671 2668 omnes
699 2637 739 2668 ad
765 2647 857 2668 axem
885 2637 1034 2668 ordinatae

204 2679 350 2718 perpetuo
364 2680 550 2710 minuuntur
570 2686 602 2710 et
626 2679 751 2710 tandem
777 2685 971 2716 evanescunt,
998 2689 1034 2709 ac

204 2724 363 2760 perimeter
376 2722 517 2753 sectionis
532 2729 606 2752 cum
620 2732 676 2752 axe
689 2728 719 2753 et
733 2722 871 2752 umbilici
886 2731 957 2752 cum
970 2721 1035 2751 axis

204 2763 365 2794 verticibus
393 2764 581 2794 coincidunt.
630 2764 689 2794 Est
717 2764 811 2801 enim,
837 2766 889 2805 (ex
918 2762 1033 2802 conic.)

204 2805 351 2835 ordinatae
380 2807 514 2846 cujusvis
542 2806 726 2847 quadratum
756 2806 795 2836 ad
820 2806 1035 2845 rectangulum

205 2846 403 2877 abscissamm
417 2848 450 2877 in
464 2848 582 2878 ratione
595 2848 666 2879 datin
678 2849 779 2879 lateris
792 2848 867 2878 recti
881 2847 921 2878 ad
945 2857 1035 2877 axem

205 2894 429 2927 transversum;
453 2890 547 2930 quare
561 2891 587 2920 si
608 2897 752 2921 manente
766 2901 823 2921 axe
847 2895 1036 2927 transverso3

207 2929 314 2969 ade6q.
343 2936 374 2961 et
401 2932 599 2963 abscissarum
635 2932 824 2974 rectangu10‚
861 2931 942 2962 latus
971 2941 1036 2962 rec-

208 2977 276 3001 tum
302 2972 448 3011 perpetu&
471 2974 630 3005 minuatur
657 2984 693 3005 ac
715 2975 839 3005 tandem
868 2979 1035 3010 evanescat,

208 3012 356 3062 ordinans
379 3014 561 3054 quadratum
590 3017 727 3057 adeoque
750 3022 783 3047 et
803 3015 942 3046 ordinata
970 3015 1037 3054 ipsa

208 3060 355 3094 perpetuo
369 3055 519 3087 minuitur
533 3064 563 3088 et
584 3058 709 3089 tandem
729 3058 890 3096 evanescit,
913 3064 944 3089 et
957 3058 1036 3098 peri-

809 2383 991 2425 Dabitur
1024 2383 1162 2439 itaque
1197 2383 1372 2437 spatium
1393 2381 1434 2424 A
1457 2382 1506 2433 C,
1538 2380 1649 2437 quod
1683 2395 1831 2435 corpus
1858 2380 1911 2422 de

1079 2510 1342 2542 meter'sectionis
1355 2510 1468 2542 conicae
1483 2520 1555 2541 cum
1569 2520 1626 2541 axe
1640 2508 1793 2540 coincidit.
1831 2510 1910 2541 Por.

1077 2553 1114 2584 ro
1138 2554 1277 2584 ordinata
1296 2563 1350 2592 per
1371 2553 1551 2583 umbilicum
1577 2551 1702 2592 aequalis
1715 2558 1761 2582 est
1781 2551 1909 2584 dimidio

1077 2596 1163 2626 lateri
1187 2601 1270 2626 recto
1294 2594 1382 2636 (Vid.
1405 2605 1471 2634 sup.
1499 2595 1531 2624 in
1550 2593 1682 2631 Cornicis
1701 2594 1813 2625 Theor.
1832 2595 1904 2626 ΙΙΙ.

1076 2637 1116 2667 de
1132 2637 1313 2676 Hyperbola
1327 2642 1357 2667 et
1371 2636 1410 2667 de
1427 2636 1538 2675 Euipsi
1552 2643 1584 2667 et
1600 2637 1670 2667 Cor.
1697 2636 1724 2666 1.
1743 2636 1854 2667 Tbeor.
1876 2638 1904 2669 1.

1076 2679 1116 2710 de
1141 2679 1268 2718 Parab.)
1295 2678 1432 2719 adeoque
1453 2678 1636 2719 quadratum
1661 2677 1780 2708 dimidii
1805 2678 1908 2710 lateris

1077 2721 1152 2752 recti
1166 2727 1211 2752 est
1232 2721 1272 2751 ad
1296 2721 1512 2761 rectangulum
1533 2730 1569 2751 ex
1593 2719 1742 2750 distantiis
1766 2721 1905 2753 umbilici

1077 2774 1095 2794 a
1110 2763 1281 2800 verticibus,
1314 2769 1351 2793 ut
1378 2763 1459 2793 latus
1482 2769 1600 2793 rectum
1629 2762 1669 2792 ad
1693 2772 1784 2793 axem
1808 2769 1906 2794 trans-

1076 2815 1208 2842 versum,
1238 2804 1323 2836 unde
1351 2804 1565 2845 rectangulum
1597 2806 1653 2834 sub
1686 2803 1794 2845 quarta
1821 2811 1907 2844 parte

1076 2847 1178 2878 laveris
1201 2847 1275 2878 recti
1300 2853 1331 2878 et
1355 2857 1411 2877 axe
1436 2852 1604 2887 transverso
1627 2853 1766 2887 aequatur
1787 2853 1906 2878 rectan-

1079 2889 1156 2930 gulo
1181 2899 1218 2920 ex
1244 2889 1394 2919 distantiis
1409 2888 1544 2919 umbilici
1567 2899 1585 2919 a
1604 2889 1788 2927 verticibus;
1810 2888 1905 2930 quare

1080 2938 1276 2962 evanescente
1300 2931 1393 2961 latere
1415 2937 1498 2961 recto
1519 2937 1549 2961 et
1570 2937 1712 2961 manente
1729 2941 1785 2962 axe
1805 2937 1902 2962 trans-

1078 2983 1173 3009 verso,
1188 2973 1402 3013 rectangulum
1416 2974 1474 3003 sub
1488 2972 1637 3003 distantiis
1651 2973 1788 3004 umbilici
1802 2984 1821 3004 a
1839 2976 1906 3005 v‘tr-

1079 3015 1190 3046 ticibus
1210 3014 1334 3045 nullum
1360 3014 1403 3053 fit,
1426 3022 1457 3046 et
1481 3015 1646 3046 umbilicus
1670 3025 1743 3046 cum
1766 3015 1907 3055 proximo
1933 3024 1941 3032 ·

1078 3057 1188 3089 vertice
1208 3056 1361 3089 coincidit.
