2158 3562
834 254 1182 299 PRAEFATIO.
1767 273 1858 303 xxv

143 372 334 414 stituatur
360 379 498 413 motus
527 372 712 414 amissus.
774 371 876 414 Hoc
903 381 1043 415 autem
1073 373 1155 414 dici
1193 385 1280 414 non
1308 374 1475 428 poterit,
1517 374 1598 415 nisi
1635 376 1858 431 impressio

139 445 256 486 fluidi
284 445 329 486 in
357 458 508 501 corpus
538 445 591 487 ad
619 452 758 501 partes
777 446 958 500 posticas
978 445 1150 502 aequalis
1171 445 1295 488 fuerit
1313 446 1577 501 impressioni
1597 449 1782 503 corporis
1810 449 1857 491 in

139 517 312 559 fluidum
332 518 386 559 ad
405 527 544 573 partes
573 518 743 568 anticas,
771 517 853 559 hoc
882 526 957 568 est,
990 516 1069 559 nisi
1088 518 1282 560 velocitas
1303 518 1474 560 relativa
1493 518 1575 575 qua
1593 519 1771 574 fluidum
1799 521 1856 562 ir-

138 586 222 628 ruit
239 587 282 627 in
303 600 454 643 corpus
475 602 500 629 a
514 597 644 645 tergo,
662 588 833 643 aequalis
845 588 972 630 fuerit
985 588 1193 630 velocitati
1209 588 1290 645 qua
1307 601 1458 644 corpus
1471 588 1593 630 irruit
1606 589 1650 630 in
1664 590 1854 640 fluidum,

136 658 182 699 id
202 666 277 708 est,
309 659 390 700 nisi
411 658 604 700 velocitas
633 659 823 700 absoluta
850 659 968 701 fluidi
997 661 1247 705 recurrentis
1268 659 1399 715 duplo
1426 661 1560 716 major
1587 660 1711 703 fuerit
1729 675 1853 718 quam

138 729 332 772 velocitas
352 730 542 772 absoluta
559 731 678 772 fluidi
698 730 910 786 propulsi3
941 731 1054 787 quod
1073 718 1176 772 *fieri
1194 731 1351 787 nequit.
1412 730 1542 772 Nullo
1571 732 1698 789 igitur
1725 733 1854 788 modo

136 802 227 843 tolli
245 811 384 857 potest
401 803 627 844 fluidorum
647 803 889 854 resistentia,
921 818 1017 860 quae
1038 804 1170 845 oritur
1190 803 1244 845 ab
1264 802 1492 845 eorundem
1512 804 1714 846 densitate
1742 813 1785 847 et
1812 806 1855 846 vi

135 875 308 916 inertiae.
369 877 516 932 Itaque
536 874 868 918 concludendum
888 875 965 917 erit
975 891 988 924 3
1018 875 1136 916 fluidi
1157 875 1334 917 coelestis
1354 875 1512 916 nullam
1531 891 1622 917 esse
1644 876 1729 917 vim'
1742 877 1854 919 iner-

134 947 218 997 tiae‚
241 946 337 988 clim
357 948 472 989 nulla
492 948 545 989 sit
563 948 624 989 vis
648 948 889 989 resistendi:
920 947 1078 989 nullam
1098 962 1188 989 esse
1207 948 1290 989 vim
1312 947 1393 1004 qua
1413 956 1550 989 motus
1575 948 1853 990 communice-

134 1016 216 1069 tur,
249 1018 346 1062 cum
374 1020 489 1062 nulla
509 1020 561 1061 sit
581 1021 641 1062 vis
661 1017 844 1063 i'nertiae:
876 1021 1035 1062 nullam
1056 1035 1145 1063 esse
1163 1021 1247 1063 vim
1268 1020 1349 1078 qua
1370 1021 1543 1063 mutatio
1563 1021 1758 1079 quaelibet
1786 1021 1853 1063 vel

134 1090 378 1145 corporibus
410 1092 581 1148 singulis
611 1091 676 1133 vel
701 1092 891 1147 pluribus
915 1092 1149 1144 inducatur,
1181 1090 1279 1134 cum
1307 1092 1423 1134 nulla
1446 1094 1498 1135 sit
1522 1094 1585 1135 vis
1612 1093 1693 1150 qua
1713 1101 1852 1135 motus

135 1161 464 1215 communicetur
474 1179 486 1212 3
515 1163 674 1204 nullam
693 1178 784 1205 esse
803 1163 975 1205 omnino
990 1164 1227 1216 efficaciam,
1250 1179 1346 1207 cum
1360 1166 1476 1207 nulla
1495 1166 1548 1208 sit
1567 1166 1739 1208 facultas
1758 1180 1852 1209 mu-

140 1233 339 1276 tationem
360 1232 587 1291 quamlibet
605 1234 842 1279 inducendi.
914 1237 1076 1287 Quidni
1102 1251 1204 1295 ergo
1226 1237 1336 1279 hanc
1354 1238 1618 1295 hypothesin,
1642 1253 1736 1295 quae
1755 1238 1851 1282 fun-

133 1305 330 1348 damento
347 1307 470 1362 plane
491 1308 739 1359 destituitur,
762 1304 937 1365 quaeque
957 1317 1117 1351 naturae
1132 1323 1271 1351 rerum
1287 1309 1548 1364 explicandae
1560 1324 1614 1351 ne
1629 1309 1851 1352 minimum

133 1377 300 1432 quidem
330 1379 511 1429 inservit,
540 1380 836 1435 ineptissimam
862 1394 1012 1422 vocare
1038 1380 1159 1422 liceat
1182 1389 1224 1422 et
1250 1379 1503 1436 philosopho
1522 1380 1693 1436 prorsus
1713 1379 1851 1440 indig-

130 1463 240 1490 nam.
303 1450 390 1499 Qui
410 1451 535 1492 coelos
555 1451 726 1494 materia
745 1452 874 1494 fluida
895 1443 1077 1508 repletos
1095 1467 1184 1495 esse
1203 1451 1362 1505 volunt,
1385 1453 1493 1496 hanc
1513 1452 1612 1496 vero
1633 1468 1719 1496 non
1740 1455 1851 1497 iner-

131 1527 216 1562 tem
235 1535 326 1563 esse
347 1530 552 1572 statuunt3
583 1522 628 1564 hi
648 1524 782 1565 verbis
802 1524 954 1566 tollunt
972 1538 1160 1576 vacuum,
1194 1539 1240 1567 re
1267 1534 1444 1581 ponunt.
1517 1526 1628 1568 Nam
1648 1541 1744 1569 cum
1773 1527 1851 1569 hu-

123 1592 309 1647 jusmodi
329 1596 500 1636 materia
518 1595 647 1637 fluida
666 1596 825 1638 ratione
845 1596 958 1638 nulla
979 1598 1139 1639 secerni
1158 1599 1288 1653 possit
1307 1599 1360 1640 ab
1379 1599 1492 1640 inani
1523 1599 1655 1655 spatio
1665 1616 1678 1650 3
1708 1600 1851 1656 dispu-

130 1663 231 1721 tatio
260 1673 346 1707 tota
374 1666 422 1708 fit
441 1667 494 1709 de
514 1682 654 1710 rerum
684 1670 934 1720 nominibus,
963 1685 1048 1712 non
1077 1671 1131 1713 de
1160 1672 1332 1713 naturis.
1405 1671 1534 1722 Quod
1563 1674 1598 1714 si
1618 1674 1745 1730 aliqui
1767 1674 1851 1717 sint

129 1737 235 1781 adeo
250 1754 381 1796 usque
397 1740 526 1782 dediti
540 1743 737 1793 materiae,
755 1751 802 1784 ut
817 1743 995 1798 spatium
1011 1760 1036 1786 a
1055 1745 1298 1800 corporibus
1314 1759 1490 1786 vacuum
1505 1746 1623 1787 nullo
1636 1754 1760 1801 pacto
1776 1747 1852 1789 ad-

129 1811 378 1854 mittendum
397 1815 565 1857 credere
585 1816 735 1866 velint3
766 1816 978 1858 videamus
998 1832 1082 1873 quo
1102 1817 1271 1859 tandem
1290 1826 1481 1873 oporteat
1501 1817 1574 1859 illo
1592 1819 1826 1874 pervenire.

188 1880 267 1926 Vel
289 1886 399 1927 enim
419 1886 559 1929 dicent
577 1887 699 1938 hanc,
722 1902 848 1944 quam
869 1889 1126 1946 confingunt,
1158 1889 1305 1930 mundi
1334 1903 1411 1945 per
1440 1890 1581 1931 omnia
1610 1890 1724 1945 pleni
1749 1904 1850 1932 con-

130 1955 382 1999 stitutionem
403 1974 456 2000 ex
476 1959 688 2002 voluntate
707 1960 793 2002 Dei
812 1960 1041 2015 profectam
1061 1976 1162 2012 esse,
1194 1970 1366 2017 propter
1393 1975 1489 2003 eum
1508 1962 1649 2012 finem,
1682 1969 1729 2004 ut
1749 1976 1849 2018 ope-

130 2026 357 2071 rationibus
376 2038 537 2073 naturae
558 2031 788 2074 subsidium
808 2046 993 2087 praesens
1014 2031 1158 2074 haberi
1178 2041 1318 2087 posset
1338 2033 1390 2075 ab
1406 2033 1560 2075 aethere
1581 2033 1850 2075 subtilissimo

129 2106 278 2143 cuncta
296 2110 535 2154 permeante
555 2110 598 2144 et
616 2102 814 2158 implente
825 2118 837 2153 3
863 2103 977 2159 quod
997 2112 1137 2145 tamen
1156 2103 1239 2146 dici
1259 2118 1344 2145 non
1364 2112 1514 2159 potest,
1538 2103 1742 2160 siquidem
1759 2105 1850 2160 jam

130 2177 340 2211 ostensum
360 2179 423 2212 est
441 2186 495 2213 ex
516 2182 770 2215 cometarum
798 2174 1099 2229 phaenomenis,
1129 2175 1286 2216 nullam
1317 2191 1407 2217 esse
1433 2175 1555 2231 hujus
1576 2175 1743 2217 aetheris
1763 2175 1849 2218 effi-

129 2243 307 2285 caciam:
328 2245 394 2285 vel
409 2244 549 2286 dicent
564 2260 617 2287 ex
630 2246 842 2289 voluntate
858 2247 943 2289 Dei
962 2247 1191 2302 profectam
1207 2262 1307 2298 esse,
1339 2256 1511 2304 propter
1526 2249 1652 2303 finem
1669 2248 1849 2304 aliquem

129 2314 341 2371 ignotum3
373 2315 486 2372 quod
506 2330 640 2372 neque
660 2317 741 2359 dici
771 2317 906 2369 debet,
939 2319 1140 2374 siquidem
1165 2320 1329 2362 diversa
1347 2321 1494 2362 mundi
1513 2321 1756 2362 constitutio
1777 2335 1851 2361 eo-

129 2386 226 2428 dem
246 2395 491 2444 argumento
510 2388 666 2443 pariter
685 2388 858 2430 stabiliri
877 2398 1040 2444 posset:
1071 2390 1138 2432 vel
1158 2390 1336 2446 denique
1356 2405 1441 2431 non
1461 2391 1602 2432 dicent
1627 2405 1682 2432 ex
1701 2391 1849 2432 volun-

131 2467 214 2500 tate
243 2458 328 2502 Dei
356 2459 585 2514 profectam
614 2476 718 2512 esse,
751 2461 824 2503 sed
854 2477 908 2503 ex
938 2462 1182 2504 necessitate
1211 2462 1390 2518 quadam
1420 2471 1592 2504 naturae.
1654 2462 1848 2505 Tandem

130 2531 258 2588 igitur
276 2529 413 2573 delabi
433 2540 598 2588 oportet
625 2533 669 2574 in
698 2533 820 2575 faeces
842 2528 1030 2575 s⁰ordidas
1050 2534 1190 2591 gregis
1211 2533 1490 2589 impurissimi.
1556 2533 1620 2575 Hi
1650 2542 1747 2576 sunt
1775 2535 1846 2590 qui

131 2604 340 2646 somniant
359 2603 443 2646 fato
463 2603 653 2647 universa
671 2605 775 2664 regi,
797 2621 884 2648 non
903 2606 1189 2662 providentia3
1212 2607 1427 2649 materiam
1444 2622 1497 2649 ex
1512 2608 1754 2649 necessitate
1774 2607 1847 2650 sua

132 2691 296 2732 semper
319 2685 360 2719 et
385 2676 540 2733 ubique
567 2678 761 2730 extitisse,
794 2678 998 2721 infinitam
1028 2694 1118 2722 esse
1147 2688 1189 2721 et
1208 2687 1420 2722 aeternam.
1493 2679 1656 2729 Quibus
1677 2680 1822 2735 positis
1833 2697 1846 2731 3

133 2751 211 2792 erit
230 2751 354 2793 etiam
373 2750 640 2808 undiquaque
659 2751 876 2794 uniformis
893 2769 902 2794 :
934 2767 1032 2795 nam
1052 2752 1226 2795 varietas
1246 2752 1474 2795 formarum
1489 2766 1583 2793 cum
1603 2753 1847 2795 necessitate

133 2823 303 2865 omnino
322 2831 494 2882 pugnat,
555 2824 649 2867 Erit
669 2824 792 2867 etiam
812 2826 1005 2868 immota:
1036 2841 1135 2868 nam
1155 2827 1189 2868 si
1209 2826 1446 2868 necessario
1466 2834 1679 2868 moveatur
1693 2827 1736 2867 in
1755 2827 1846 2882 pla·

133 2908 231 2951 gam
250 2895 430 2951 aliquam
449 2896 788 2948 determinatam3
818 2912 914 2939 cum
943 2897 1215 2940 determinata
1234 2899 1371 2954 aliqua
1390 2898 1604 2940 velocitate
1615 2914 1627 2949 3
1657 2899 1749 2954 pari
1772 2914 1846 2942 ne-

135 2966 322 3010 cessitate
340 2970 575 3012 movebitur
593 2971 637 3012 in
657 2971 825 3029 plagam
864 2970 1070 3014 diversam
1090 2987 1185 3014 cum
1205 2972 1369 3014 diversa
1387 2972 1615 3024 velocitate,
1638 2973 1681 3015 in
1701 2973 1846 3031 plagas
1906 2960 1909 2962 ⁵

136 3047 273 3081 autem
303 3040 499 3092 diversas,
531 3057 627 3084 cum
656 3042 827 3085 diversis
857 3043 1153 3095 velocitatibus‚
1190 3043 1347 3085 moveri
1377 3058 1462 3085 non
1490 3052 1651 3099 potest3
1682 3052 1846 3099 oportet
