2086 3542
223 225 276 260 48
647 217 1093 263 PHILOSOPHIAE
1123 217 1484 263 NATURALIS
1538 219 1683 273 [Mor.
1708 218 1906 265 Commta

215 335 364 384 partes,
396 343 567 371 summae
596 329 776 385 partium
796 343 971 384 *semper
1001 335 1122 370 erunt
1149 336 1196 370 ut
1224 343 1394 370 summae
1412 329 1908 386 parallelogrammorum3

215 405 337 455 atque
369 398 475 450 ideo,
505 400 578 441 ubi
609 399 788 455 partium
825 407 867 441 et
898 399 1375 455 parallelogrammorum
1412 414 1607 441 numerus
1646 408 1818 456 augetur
1866 405 1910 440 et

215 468 455 525 magnitudo
484 469 724 511 diminuitur
756 469 800 510 in
833 469 1052 520 infinitum,
1083 468 1127 509 in
1161 466 1303 511 ultima
1346 468 1503 510 ratione
1536 466 1911 525 parallelogramni

217 538 270 580 ad
301 540 740 598 parallelogrammum,
770 539 815 581 id
848 547 910 581 est
931 542 1023 594 (per
1055 538 1319 595 hypothesin)
1340 539 1384 580 in
1414 538 1555 580 ultima
1589 539 1747 580 ratione
1780 537 1909 594 partis

221 607 274 650 ad
292 617 469 666 partem.

910 715 1140 758 LEMMA
1169 716 1222 757 V.

219 826 408 869 Similium
426 829 648 880 figurarum
676 827 804 867 latera
832 825 975 874 omnia,
1006 838 1092 878 quce
1118 823 1195 865 sibi
1221 829 1349 864 mutuo
1372 805 1615 877 respondent,
1636 832 1724 866 sunt
1735 839 1908 879 propor-

270 897 455 946 tionalia,
490 902 569 936 tam
602 896 826 937 curvilineav
843 909 956 949 quam
984 894 1209 941 rectilinea,·
1241 900 1278 934 et
1296 907 1401 934 areae
1418 899 1507 935 sunt
1525 895 1569 935 in
1587 895 1788 948 duplicata
1807 896 1909 936 rati-

274 978 346 1005 one
364 966 538 1007 laterum.
597 965 675 1020 (Ρ)

896 1072 1125 1115 LEMMA
1155 1072 1232 1114 VI.

215 1189 261 1232 Si
278 1200 390 1228 arctas
422 1186 582 1240 quilibet
608 1179 804 1239 positione
821 1185 937 1226 datus
966 1186 1008 1226 A
1030 1185 1066 1226 C
1088 1185 1125 1226 B
1149 1183 1237 1225 sub·
1267 1213 1308 1263 A
1606 1196 1648 1244 D
1861 1197 1901 1244 d

272 1255 455 1296 tendatur
483 1253 627 1295 chorda
662 1253 703 1295 A
725 1253 775 1303 B,
810 1258 850 1293 et
877 1253 921 1293 in
941 1258 1087 1306 puncto
1106 1253 1238 1306 aliquo
1348 1251 1899 1423 ὛἸ

278 1322 330 1372 Α,
367 1323 410 1362 in
430 1323 554 1363 medio
581 1327 797 1363 curvaturae
817 1321 896 1376 (q)
925 1321 1127 1370 continuae,
1148 1325 1238 1360 tan-

270 1396 390 1444 gatur
408 1404 436 1430 a
462 1389 568 1431 rect&
586 1391 766 1444 utrinque
777 1387 971 1443 producta
992 1389 1032 1430 A
1054 1389 1117 1438 D3
1148 1388 1239 1429 dein
1759 1421 1785 1469 b

271 1464 416 1511 puncta
436 1458 492 1508 A,
516 1458 555 1500 B
573 1460 628 1499 ad
642 1458 800 1499 invicem
819 1458 1005 1498 accedant
1023 1463 1060 1498 et
1078 1460 1236 1503 coeant,-

274 1527 360 1566 dico
393 1528 495 1580 quod
525 1528 688 1581 angulus
723 1526 760 1567 B
782 1526 823 1567 A
843 1526 900 1575 D,
935 1525 1002 1566 sub
1029 1525 1174 1566 chorda
1202 1530 1241 1564 et
1267 1522 1304 1570 R

275 1601 456 1649 tangente
483 1601 691 1646 contentus,
721 1595 911 1636 minuetur
929 1594 972 1634 in
991 1594 1182 1648 infinitum
1202 1597 1240 1632 et

274 1662 406 1704 ultimo
425 1669 630 1705 evanescet.

1077 1924 1189 1957 mutu&
1214 1925 1439 1964 respondentia,
1464 1932 1502 1957 ut
1523 1927 1553 1957 A
1572 1927 1612 1962 B,
1639 1937 1658 1958 a
1677 1928 1708 1965 b,
1741 1926 1770 1958 B
1789 1926 1827 1964 C,
1850 1927 1872 1958 b
1885 1936 1914 1964 c,

1077 1968 1316 2008 proportionalia
1350 1975 1430 2006 sunt,
1468 1975 1499 1999 et
1534 1969 1665 2010 angulos
1701 1969 1843 2009 aequales,
1879 1975 1916 1999 ut

1085 2011 1116 2041 A
1129 2011 1157 2041 B
1173 2010 1208 2046 C,
1225 2012 1272 2041 ab
1283 2021 1310 2048 c,
1325 2011 1483 2042 continent
1491 2023 1502 2049 ;
1517 2011 1602 2042 unde
1612 2011 1677 2052 jam
1689 2018 1772 2051 patet
1779 2021 1917 2042 summas

1082 2052 1214 2083 laterum
1235 2053 1395 2094 utriusque
1414 2053 1523 2094 figurae
1548 2064 1612 2084 esse
1633 2054 1712 2084 inter
1735 2064 1767 2084 se
1791 2059 1828 2084 ut
1852 2052 1917 2083 duo

1084 2095 1199 2135 quaevis
1213 2095 1308 2126 latera
1321 2096 1586 2135 correspondentia
1604 2097 1634 2126 A
1653 2097 1692 2133 B,
1715 2106 1735 2126 a
1748 2097 1778 2126 b.
1827 2095 1918 2126 Duc-

1085 2138 1126 2168 tis
1149 2148 1186 2168 ex
1204 2137 1243 2174 E,
1271 2144 1301 2169 et
1316 2148 1342 2174 e,
1367 2137 1406 2168 ad
1426 2148 1533 2168 omnes
1555 2138 1684 2179 angulos
1709 2138 1798 2169 lineis
1820 2138 1850 2168 E
1874 2138 1915 2176 B,

1088 2179 1118 2211 E
1133 2181 1170 2217 C,
1187 2190 1204 2210 e
1214 2182 1242 2215 b,
1259 2191 1276 2211 e
1287 2191 1313 2217 c,
1329 2180 1437 2221 flgurae
1447 2181 1481 2210 in
1492 2190 1548 2212 sua
1558 2180 1712 2220 triangula
1721 2179 1916 2218 dividunum

1084 2229 1116 2254 et
1130 2223 1275 2264 quoniam
1291 2222 1398 2264 anguli
1416 2223 1449 2253 D
1464 2229 1495 2253 et
1509 2223 1538 2258 d.
1554 2223 1686 2263 aequales
1699 2229 1781 2259 sunt,
1807 2223 1917 2254 latera—

1084 2275 1145 2306 que
1170 2266 1199 2296 E
1225 2266 1267 2303 D,
1291 2276 1309 2296 e
1330 2265 1360 2302 d,
1386 2265 1419 2296 D
1434 2275 1462 2302 c,
1485 2265 1506 2296 d
1526 2276 1553 2302 c,
1576 2264 1820 2305 proportionalia,
1845 2265 1917 2305 (per

1084 2310 1232 2351 affinia),
1263 2307 1327 2338 duo
1351 2308 1506 2349 triangula
1531 2308 1562 2338 E
1588 2308 1614 2338 C
1639 2308 1682 2345 D,
1708 2317 1726 2338 e
1740 2317 1758 2338 c
1772 2307 1802 2343 d,
1824 2313 1917 2338 erunt

1085 2350 1204 2388 similia,
1222 2349 1362 2391 adeoque
1378 2349 1485 2390 anguli
1501 2350 1531 2380 E
1550 2350 1576 2380 C
1595 2350 1638 2386 D,
1654 2360 1672 2379 e
1686 2360 1703 2380 c
1717 2350 1748 2386 d,
1772 2349 1915 2390 aequales,

1085 2399 1116 2423 et-
1130 2392 1224 2423 latera
1240 2392 1270 2424 E
1285 2393 1321 2428 C.
1337 2403 1354 2422 e
1369 2402 1395 2428 c,
1412 2391 1555 2422 latoribus
1573 2392 1599 2422 C
1618 2392 1660 2427 D,
1678 2401 1695 2422 c
1709 2391 1731 2422 d
1745 2392 1915 2431 proportio.

1085 2434 1185 2473 mlia;
1201 2445 1294 2476 quare
1308 2444 1380 2465 cum
1395 2433 1501 2474 anguli
1515 2434 1543 2463 Β
1557 2434 1582 2464 C
1597 2434 1637 2470 D.
1655 2436 1675 2465 b
1684 2445 1700 2464 c
1711 2433 1733 2464 d
1747 2434 1808 2465 sint
1822 2434 1916 2465 etiam

1085 2477 1217 2517 aequales
1238 2477 1309 2517 (per
1322 2478 1456 2519 definit.)
1480 2482 1640 2516 aequantur
1660 2487 1781 2517 quoque
1795 2477 1914 2518 anguli,

1086 2519 1115 2549 E
1136 2519 1162 2550 C
1179 2519 1217 2554 B,
1234 2520 1328 2552 ecb.
1345 2518 1462 2558 etquia
1479 2519 1568 2550 BG:
1587 2519 1914 2550 bc=Cchd=

1087 2561 1117 2592 E
1127 2561 1153 2592 C
1161 2573 1169 2592 ε
1179 2571 1228 2596 ec.
1239 2559 1392 2601 triangula
1400 2560 1464 2591 duo
1477 2561 1506 2591 E
1520 2562 1548 2592 B
1561 2562 1596 2597 C,
1609 2561 1800 2592 ebcsimssia
1811 2567 1912 2593 erunt.

1088 2602 1178 2634 Idem
1198 2601 1307 2633 effidem
1327 2602 1444 2634 mione
1465 2602 1504 2633 de
1517 2603 1584 2634 aliis
1599 2603 1761 2645 triangulis
1775 2604 1806 2635 E
1823 2603 1854 2634 B
1871 2604 1914 2641 A,

1084 2655 1101 2675 e
1115 2646 1136 2676 b
1149 2655 1168 2675 a
1189 2644 1422 2677 demonstratur.
1470 2645 1589 2676 Verum
1613 2656 1692 2676 areae
1720 2645 1916 2687 singulorum

1084 2687 1309 2728 triangulorum
1334 2688 1492 2725 similium,
1522 2698 1592 2729 quae
1613 2688 1648 2718 in
1667 2687 1787 2721 duabus
1807 2688 1916 2729 figuris

1083 2729 1141 2760 sibi
1154 2729 1265 2760 mutuo
1285 2730 1478 2769 respondent,
1501 2736 1573 2761 sunt
1591 2730 1671 2761 inter
1684 2740 1716 2760 se
1729 2730 1762 2760 in
1777 2730 1915 2770 duplica-

537 2765 568 2799 ἢ
688 2762 721 2806 Ῑ)
1084 2770 1116 2802 ta
1130 2771 1247 2803 ratione
1260 2772 1390 2804 laterum
1411 2773 1655 2813 homologorum,
1676 2782 1712 2802 ac
1732 2772 1861 2811 proinde
1880 2774 1914 2804 in

1083 2813 1155 2845 data
1181 2814 1317 2852 ratione3
1353 2812 1428 2856 ergo
1459 2824 1589 2845 summae
1616 2814 1850 2855 triangulorum.
1880 2816 1925 2847 in:

812 2863 836 2890 c
1083 2855 1214 2897 utraque
1227 2855 1337 2898 figura,
1353 2857 1411 2888 hoc
1421 2863 1474 2892 est.
1491 2856 1662 2896 figurarum
1673 2867 1751 2887 areae
1765 2858 1926 2892 rationem-

1084 2898 1197 2930 habent
1210 2899 1340 2930 laterum
1354 2899 1590 2939 homologorum
1604 2898 1802 2939 duplicatam.
1839 2900 1914 2932 Jnm

1084 2950 1231 2972 numerus
1254 2941 1385 2972 laterum
1411 2941 1443 2972 A
1467 2941 1508 2978 B,
1539 2941 1568 2973 B
1594 2942 1631 2978 C,
1659 2943 1715 2973 &a
1746 2944 1815 2978 ab.
1843 2943 1927 2980 bc,-

515 3000 539 3027 e
893 2994 924 3037 ὦ
1087 2983 1142 3014 διο.
1166 2989 1324 3024 augeatur,
1346 2989 1378 3014 et
1391 2993 1498 3014 eorum
1519 2983 1682 3025 longitudo
1702 2985 1860 3015 minuatur
1879 2985 1914 3016 in

1087 3025 1254 3062 infinitum,
1283 3031 1315 3056 et
1340 3027 1409 3067 (per
1432 3026 1502 3057 Cor.
1521 3029 1552 3057 4.
1579 3026 1667 3057 Lem.
1695 3027 1783 3067 111.)
1805 3027 1826 3058 fi
1850 3037 1913 3058 um

1090 3068 1121 3098 A
1138 3068 1167 3099 B
1186 3068 1211 3099 C
1230 3068 1272 3106 D,
1294 3078 1311 3098 a
1327 3069 1347 3099 b
1362 3078 1379 3099 c
1393 3067 1414 3098 d
1438 3067 1519 3099 fiunt
1543 3069 1740 3107 curviliueae;
1764 3069 1834 3100 simi
1848 3069 1924 3101 ἰιιῐιι

251 3113 298 3152 (P)
317 3113 386 3141 112.
412 3111 712 3144 Demonstr,—Duae
736 3114 853 3156 {igmvae⁹
882 3115 914 3148 A
939 3116 971 3149 D
989 3117 1028 3154 Ε,
1086 3109 1181 3150 igitur
1201 3109 1370 3150 figurarum
1391 3109 1486 3141 laoera
1506 3111 1618 3147 omnia,
1644 3121 1714 3152 quae
1733 3111 1790 3142 sibi
1803 3118 1914 3142 mutuo

208 3163 226 3183 a
241 3152 261 3182 d
276 3163 301 3189 e,
319 3152 432 3185 similes
446 3152 597 3191 dicuntur,
614 3165 742 3195 quarum
755 3157 848 3189 latera
857 3160 962 3190 omnia
972 3161 1030 3192 sibi
1085 3152 1276 3192 respondent.
1302 3158 1375 3183 sunt
1395 3152 1630 3192 proportionalia
1657 3160 1721 3185 mn
1749 3153 1913 3184 curvilinea

216 1958 348 1990 quarum
361 1948 457 1980 latera
471 1958 601 1979 numero
623 1955 777 1990 augentur
791 1955 822 1980 et
845 1948 1040 1990 longitudine

218 1991 402 2021 minuuntur
413 1991 447 2020 in
457 1991 624 2027 infinitum,
635 1991 747 2022 limites
761 1991 928 2022 curvilinei.
952 1993 1041 2024 Dum

216 2033 302 2063 enim
327 2033 536 2064 ordinatarum
553 2034 583 2063 A
604 2044 631 2068 a,
659 2034 687 2064 B
702 2035 731 2069 b,
762 2044 798 2064 ac
812 2034 940 2073 proinde
954 2035 1042 2065 chor-

215 2074 326 2105 darum
339 2085 358 2105 a
378 2077 410 2113 b,
436 2077 456 2105 b
471 2085 497 2111 c,
514 2085 663 2106 numerus
679 2075 712 2105 in
727 2076 884 2107 infinitum
899 2083 1040 2118 augetur.

215 2123 246 2147 et
259 2117 410 2148 distantiae
428 2118 458 2148 A
477 2118 515 2153 B,
533 2119 561 2148 B
580 2118 617 2153 C,
634 2117 667 2147 in
679 2117 835 2148 infinitum
849 2119 1047 2154 minuuntur,

216 2165 331 2198 puncta
344 2170 372 2195 a.
397 2161 425 2196 b,
457 2159 500 2195 K,
516 2159 536 2196 l,
560 2165 591 2190 et
604 2161 636 2196 b,
652 2170 681 2199 c,
704 2160 742 2197 L,
759 2171 801 2197 m,
818 2161 872 2192 διο.
889 2162 1001 2193 εοὲιιιιι
1014 2167 1046 2192 et

216 2210 341 2233 curvam
355 2212 374 2232 a
388 2211 405 2232 c
421 2201 451 2233 E
464 2202 609 2233 formant.
